3088 4962
385 425 595 478 CHRONICON
613 427 863 479 MOGUNTINUM.
902 427 934 478 A.
956 427 1036 479 1374.
1239 429 1284 479 37

99 612 104 619 ·
150 597 237 660 tione
266 595 409 660 maxima
436 603 468 660 et
497 594 537 659 de
563 593 633 659 loco
661 592 703 659 ad
728 593 833 659 locum
860 595 1006 660 mocione
1032 603 1064 660 et
1093 593 1285 678 saltacione,¹

150 681 186 743 in
213 687 338 744 tantum
367 678 462 764 quod,
491 680 519 743 si
539 701 605 744 non
625 679 720 743 amici
742 699 853 742 eorum
873 687 1001 743 ventres
1024 701 1135 744 eorum
1157 680 1275 744 strictis

150 762 235 856 lorisy
256 763 526 848 constringebant,
553 763 587 826 in
616 785 650 828 se
676 763 756 848 ipsis
782 761 990 827 tabescebant
1016 771 1048 828 et
1074 762 1284 846 deficiebant,

151 855 220 912 toto
243 847 386 932 corporis
408 848 519 932 vigore
541 854 745 932 consumpto,
773 846 830 910 sed
855 854 964 910 tamen
985 845 1077 910 multi
1097 847 1284 932 periculum.

150 932 262 996 mortis
284 939 463 996 evaserunt.
498 929 653 996 Cessante
668 937 775 995 autem
797 931 831 993 in
852 931 899 995 eis
915 929 1099 994 huiusmodi
1118 930 1211 1012 furia,
1232 930 1284 996 ad,

151 1023 292 1079 mentem
317 1015 569 1098 revertebantur,
598 1023 630 1079 et
654 1015 689 1077 in
715 1013 801 1078 bona
826 1014 981 1078 memoria
1013 1010 1285 1079 et‘eonfessione

151 1098 282 1185 quidam
304 1107 483 1182 evasertmt,
506 1099 560 1163 alii
580 1099 753 1184 perienmt.
796 1097 938 1162 Predicti
958 1119 1034 1162 vero
1051 1097 1224 1178 furibundi,
1248 1098 1277 1161 si

31 1213 37 1220 ¹
149 1182 286 1248 rubeum
313 1205 456 1268 pannum
484 1181 537 1248 vel
564 1181 679 1248 calcios
705 1189 878 1246 rostratos·
904 1181 1063 1264 viderunt,
1092 1204 1134 1246 ex
1159 1181 1276 1246 hocin

150 1267 327 1332 maximam
347 1267 470 1332 rabiem
492 1274 680 1330 exarserunt
694 1266 897 1352 propriisque
918 1265 1066 1330 manibus
1082 1265 1275 1330 scidertmt1.

90 1425 93 1432 Ι
149 1349 233 1414 Item
253 1351 289 1413 in
332 1349 503 1416 uibusdam
517 1349 663 1436 partibus
684 1358 768 1414 terre
790 1358 822 1414 et
837 1351 922 1414 circa
944 1397 951 1414 .
975 1350 1120 1414 aiterum
1137 1347 1277 1434 repullu-

149 1431 218 1498 lant
237 1432 321 1518 flage
344 1442 459 1508 atores.

235 1517 319 1581 Item
333 1519 367 1582 in
383 1516 517 1584 Octobri
531 1517 726 1582 habitatores
736 1515 923 1602 Riffenberg
938 1517 1125 1582 invaserrmt
1135 1523 1276 1581 castrum

150 1599 358 1686 Konigstein,
391 1600 578 1688 Philippum
610 1601 775 1666 dominum
806 1601 908 1686 ipsius
942 1601 1037 1665 castri
1068 1621 1141 1664 cum
1172 1597 1277 1664 tribus

151 1683 224 1748 filiis
264 1686 329 1748 suis
366 1695 528 1784 ceperunt.
582 1684 646 1766 Qui
676 1684 782 1771 Philip
808 1706 846 1747 us
878 1683 989 1748 volens
1026 1663 1179 1768 ah‘fugere
1208 1705 1278 1830 per

150 1791 289 1851 murum,
316 1768 430 1834 cecidrt
456 1771 489 1832 in
510 1771 667 1834 fossatum
689 1776 721 1834 et
741 1770 776 1832 in
818 1769 888 1832 revi
907 1776 1021 1854 postea
1042 1791 1080 1832 su
1105 1767 1208 1832 ervixi
1243 1775 1278 1830 et

149 1851 375 1999 {riserabiliter
399 1853 500 1918 vitam
528 1854 632 1918 finivit
642 1865 664 1918 ².
709 1851 800 1918 Sicut
827 1851 915 1934 fecit,
946 1853 991 1915 sic
1019 1851 1076 1916 red
1101 1849 1159 1914 ‘dit
1184 1842 1342 1935 ἐφείω

185 1958 320 2001 ommus.
1280 1984 1292 2002 „
1362 1988 1394 2006 k.

234 2019 284 2084 Eo
316 2028 461 2105 tempore
494 2019 631 2086 Adolfus
663 2018 781 2086 electus
813 2018 975 2104 predictus
1008 2017 1171 2104 profectus
1203 2005 1284 2080 cuni

9 2149 11 2188 3
151 2123 269 2188 magno
298 2113 493 2169 armatorum
520 2105 674 2170 comitatu
699 2104 831 2168 intravit
855 2112 974 2168 terram
999 2101 1276 2186 marggraviorum
1357 2119 1379 2178 χ

9 2191 10 2226 ³
61 2232 64 2236 -
150 2185 372 2268 Misnensiumssl
382 2196 415 2252 et
435 2189 597 2252 comitiam
618 2188 659 2252 de
682 2185 937 2270 Schwartzburg,
967 2194 1000 2250 et
1027 2207 1101 2250 cum
1128 2185 1276 2283 potencia

9 2263 13 2308 t
150 2251 300 2335 transivit
325 2270 518 2336 vindicando
545 2272 691 2351 inimicos
720 2291 795 2334 suos
822 2289 892 2334 mar
915 2269 1044 2352 gravies
1070 2277 1104 2332 et
1131 2287 1273 2354 rpsorum
1303 2319 1313 2357 ,

151 2353 345 2432 auxiliarios,
376 2355 453 2439 quia
473 2356 485 2418 i
510 2356 538 2418 si
558 2352 756 2418 marchiones
783 2351 856 2416 dolo
883 2375 903 2416 a
926 2350 1082 2451 stplerunt
1108 2351 1223 2436 *opida
1243 2359 1394 2424 eosne.

798 2417 892 2442 ...ιιι-ἐ

293 2435 413 2502 scilicet
436 2437 458 2503 S
492 2446 543 2502 tna
570 2446 602 2502 et
622 2435 959 2521 Bischofispottera⁰·³
986 2434 1028 2500 ab
1055 2434 1187 2500 ecclesia
1207 2433 1276 2498 Mo-

9 2523 37 2595 “,
151 2445 300 2607 thtrtiadp,
345 2519 411 2586 Sed
437 2529 551 2607 postea
572 2520 712 2585 Karolus
739 2541 799 2584 rex
819 2518 944 2598 Bohem
968 2541 983 2582 s
1004 2510 1275 2603 imperator'fecit

150 2613 280 2689 treugas
301 2605 385 2668 inter
405 2605 508 2690 ipsos:
531 2605 623 2670 dictis
646 2603 751 2690 opidis
773 2610 806 2668 et
826 2603 938 2672 castris
983 2603 1017 2666 in
1037 2601 1186 2666 manibus
1208 2602 1274 2664 suis

149 2709 210 2836 pro
237 2689 364 2754 iusticia
394 2683 547 2836 recepds),
579 2687 741 2753 transtulit
766 2709 800 2751 se
829 2686 1068 2773 Msgunqime
1091 2693 1124 2750 et
1149 2683 1212 2766 ibi,
1228 2683 1276 2748 'ut

173 2771 324 2852 icebatur,
346 2771 447 2838 multa
483 2779 614 2858 gmenta
624 2771 816 2858 exponebat,
838 2771 939 2834 eciam
954 2791 1081 2846 omnem
1094 2766 1274 2852 libertatem
1337 2761 1479 2836 ,siste-ta

150 2853 406 2939 ecclesiasticam,
430 2854 639 2955 quantumin
661 2878 695 2920 se
735 2863 794 2937 rat,
815 2853 935 2918 fultus⁰
956 2862 993 2918 ut
1006 2839 1172 2922 dicebatur
1188 2873 1274 2938 pape
1320 2836 1334 2931 1ἴ
1355 2838 1414 2938 ser,
1433 2861 1475 2894 rs·

151 2938 672 3026 quoquequregorri'auctoritate,
692 2937 802 3004 volens
818 2946 850 3002 et
865 2945 990 3003 tentans
1004 2935 1171 3002 humiliare
1181 2944 1275 3016 e-Jet
1321 2954 1328 3007 ς
1375 2925 1455 2978 Μ

142 3021 281 3108 ,longum
296 3031 381 3089 esset
395 3022 616 3117 dicerem-pt
636 3011 746 3109 posse‘t
767 3021 911 3088 obtinere
927 3021 1195 3096 machinationem
1217 3041 1279 3084 sue
1315 3023 1326 3096 t

142 3105 324 3172 ,voluntatis
345 3128 411 3172 non
431 3117 565 3194 propter
578 3105 840 3192 tranquillitatem
860 3115 955 3190 terre,
977 3103 1034 3170 sed
1054 3112 1091 3168 ut
1112 3104 1220 3169 omnia
1240 3104 1280 3167 in,
1345 3172 1361 3192 N

124 3232 125 3236 =
151 3190 377 3257 adversitatem
399 3190 588 3274 dimitteret3
611 3190 699 3278 quod
719 3190 811 3256 Deus
841 3188 986 3281 avertat-l
1011 3189 1087 3274 quia
1111 3187 1280 3254 modicum
1382 3209 1389 3216 ³

151 3397 174 3451 a)
196 3402 307 3462 rustrgtoe
328 3411 346 3439 a
410 3397 435 3450 b)
459 3400 505 3450 ipsi
525 3400 592 3450 potos·
614 3399 638 3439 tn
661 3401 747 3440 masna
810 3397 833 3450 o)
851 3397 949 3447 suppleat
969 3407 1016 3436 cum
1036 3395 1119 3436 &teat
1139 3397 1164 3437 s'n
1185 3397 1279 3439 mmm,

149 3456 174 3510 d)
189 3459 253 3498 dicta
266 3459 338 3544 ppido
353 3461 376 3500 st
391 3463 466 3530 casctra
481 3470 499 3499 e.
560 3457 582 3510 e)
599 3459 677 3500 sulcus
692 3469 719 3510 a,
734 3468 792 3498 corr.
808 3467 855 3498 oum
872 3455 904 3499 W.
965 3454 1053 3507 θῦε.

613 3515 717 3578 eg*
978 3508 1046 3610 φ
1069 3538 1196 3608 ΖΪἈΜ
1221 3533 1411 3623 Μιίάτμξῧὸ

151 3646 180 3712 1)
198 3645 238 3709 ΟΥ.
252 3646 286 3697 de
299 3645 469 3696 sudatoribus
480 3644 603 3696 Coloniae
617 3661 642 3694 e.
655 3642 734 3694 1374.
746 3639 818 3695 Aac.
830 3641 917 3694 C'olon.
928 3640 1085 3694 ‘acediosae
1095 3641 1180 3704 XIII,
1192 3639 1279 3705 (ΒΜ,
1292 3685 1294 3690 .

148 3717 234 3782 XIII,
250 3737 279 3785 p.
293 3721 339 3770 41.
360 3717 491 3783 Koelhoff,
509 3717 544 3769 io.
565 3715 644 3780 XIV,
660 3733 690 3782 p.
704 3715 765 3767 715.
785 3721 809 3766 et
829 3712 925 3766 Obsco.
944 3713 1082 3780 Ltmberp.
1100 3732 1120 3764 e.
1133 3715 1177 3776 97,
1197 3713 1279 3766 cuias

150 3798 244 3844 caeter
263 3809 377 3858 prorsas
395 3793 547 3858 prudenter
565 3789 651 3854 sentit,
674 3790 739 3842 hoec
759 3788 873 3840 addens:
898 3789 978 3840 Unde
997 3788 1056 3838 iant
1073 3803 1145 3852 man,
1170 3787 1219 3838 daz
1243 3803 1277 3838 ea

151 3866 280 3917 duisserie
299 3881 354 3916 was
371 3866 444 3918 unde
463 3866 587 3929 hetaerie,
613 3864 686 3916 unde
707 3861 841 3930 geschaoh
859 3863 923 3912 umb
941 3859 1034 3927 goldes
1053 3859 1150 3924 willen,
1176 3860 1225 3910 daz
1250 3861 1281 3910 ir·

150 3939 269 3990 endeiles
291 3939 411 3990 frauwen
435 3939 508 3990 unde
532 3953 629 3988 manne
658 3939 687 3987 in
711 3935 872 3987 unkuscheit
896 3935 1022 3986 moohten
1045 3933 1125 3984 leben
1149 3932 1222 3983 unde
1247 3932 1278 3982 di'
1382 3997 1385 4002 Ι

148 4013 239 4064 vollen
258 4028 292 4063 au
310 4013 432 4078 bringen.
516 4011 543 4077 2)
566 4008 660 4062 Oleros.
679 4007 765 4060 Ltmt.
785 4028 807 4060 c.
829 4010 896 4058 105.-
920 4009 1024 4059 Junker
1041 4006 1144 4072 Philips
1161 4005 1223 4056 herr
1241 4021 1277 4056 au

148 4085 325 4137 Falksnstein
349 4087 420 4136 unde
441 4085 487 4137 der
505 4101 561 4136 was
585 4089 687 4150 genant
706 4083 753 4134 der
772 4075 857 4134 strime
875 4099 930 4134 von
947 4081 1131 4144 Felkenstein,
1157 4079 1198 4129 nit
1223 4079 1280 4128 dea

148 4157 183 4210 hc
210 4160 254 4209 ein
281 4163 367 4210 stume
392 4175 447 4209 wer
468 4175 522 4210 von
550 4159 641 4222 reden,
671 4157 725 4208 dan
752 4155 786 4206 he
811 4172 867 4212 was
896 4157 940 4206 ein
968 4161 1053 4206 stome
1077 4170 1132 4206 von
1155 4152 1278 4204 werhen.

149 4229 180 4298 3)
200 4231 281 4282 Nune
301 4232 491 4298 Groeepottern·
503 4231 582 4298 adfl.
603 4232 715 4282 Uestrot
733 4245 819 4294 prope
837 4227 1060 4296 Lanqensaleeoa.
1134 4224 1164 4290 4)
1185 4223 1277 4276 Koro-

150 4305 192 4356 lue
219 4303 272 4356 IV.
298 4305 453 4372 Mopuntiae
479 4309 652 4356 commoratos
675 4310 713 4355 est
742 4319 767 4354 α.
796 4303 881 4366 1374,
910 4300 964 4352 Oet.
990 4307 1101 4353 meante
1129 4315 1211 4365 usqae
1236 4298 1281 4349 ααῖ

152 4377 222 4430 Neo.
244 4377 286 4430 14.
307 4377 372 4444 Req.
386 4394 416 4443 p.
431 4377 493 4429 449.
