3090 4962
462 372 671 425 CHRONIOON
689 373 941 424 MOGUNTINUM.
1200 374 1265 424 XXI

139 534 242 630 quam
269 565 322 606 eos
348 544 482 605 minime
502 541 611 626 sapit,
639 543 757 626 quanti
782 544 824 606 sit
845 542 1006 622 momenti,
1032 541 1125 605 edere
1153 541 1262 604 nolue-

136 631 219 690 rint.
256 625 425 709 Scriptum
446 627 532 688 enim
554 634 600 688 est
623 649 643 687 a
665 625 814 705 librario,
838 627 897 710 qui
917 625 1099 708 enenplum
1119 628 1265 708 primum

140 711 235 776 laud
249 719 332 774 recte
346 710 451 796 lepere
469 709 580 792 potuit
594 719 623 771 et
642 711 834 772 seutentiam
850 731 947 792 saepe
963 731 1141 793 perperam
1162 711 1266 772 inter-

136 804 289 880 pretatus
310 805 365 875 est,
388 793 590 878 neplipenter
612 802 707 878 atque
728 793 889 859 mendose.

246 878 382 942 Librum
409 879 477 940 ium
502 879 649 961 primum
677 879 713 940 in
741 877 922 941 collectione
950 875 1265 940 ‘Stddteclzronilcen'

140 972 163 1024 t.
186 961 307 1024 XVIII.
331 962 432 1024 edidi.
474 961 564 1024 Idem
587 961 648 1024 liac
670 961 810 1024 editione
832 983 918 1024 rtooo
939 971 969 1024 et
990 969 1159 1043 separata,
1183 981 1265 1044 quae

141 1047 364 1110 Monumentis
387 1041 586 1109 Germaniae
615 1045 780 1108 historicis
802 1045 998 1124 destinatur,
1027 1043 1137 1108 multis
1161 1043 1266 1107 modis

141 1130 346 1194 emendatior
374 1138 403 1193 et
434 1129 575 1193 nitidior
603 1128 771 1212 proditur.
822 1127 876 1192 Ad
902 1151 1001 1214 quam
1030 1126 1267 1212 perficiendam

141 1237 217 1278 curn
249 1215 289 1276 A.
320 1214 439 1299 Wpssii
469 1211 657 1298 dilipentem
689 1211 891 1276 collationem
925 1212 1079 1293 adhibui,
1113 1235 1196 1296 quae
1229 1213 1265 1274 in

140 1296 403 1362 commentariolo
419 1299 488 1360 eius
510 1299 579 1360 iam
594 1305 835 1360 commemorato
851 1298 1045 1376 continetur,
1067 1305 1135 1358 tum
1156 1297 1267 1379 ipsum

140 1383 285 1446 codicem
306 1383 423 1444 iterum
445 1381 584 1443 encussi.
618 1381 670 1442 Ea
693 1401 777 1462 quae
792 1379 967 1444 librarium
986 1400 1136 1462 perverse
1151 1377 1268 1464 lepisse

138 1467 317 1550 perepicuo
350 1474 493 1611 apparet
524 1465 695 1528 emendavi
723 1465 856 1548 eiusque
886 1466 1071 1548 scripturas
1100 1465 1136 1526 in
1160 1485 1267 1548 appa·

40 1552 45 1564 '
142 1559 223 1612 ratu
238 1550 351 1612 critico
371 1572 391 1612 a
416 1550 550 1628 notaoi;
574 1557 716 1612 attamen
738 1549 897 1611 incertam
913 1547 1078 1611 scribendi
1095 1549 1267 1627 rationem,

140 1655 193 1697 en.
222 1655 274 1717 pr.
304 1631 471 1716 Mogontia
500 1633 567 1695 sive
596 1630 778 1714 Mogontia,
811 1631 885 1695 Mo·
909 1631 1090 1716 Magantini
1117 1633 1184 1695 siue
1212 1631 1268 1695 -ti-

142 1737 273 1798 nenses,
307 1739 391 1802 quae
419 1726 581 1801 quatenus
608 1717 738 1780 auctori
765 1738 809 1778 an
839 1713 977 1780 librario
1008 1714 1183 1778 tribuenda
1215 1717 1268 1796 sit,

141 1802 291 1865 discerni
323 1823 390 1864 non
421 1809 540 1884 potest,
572 1801 703 1863 seroaoi
735 1800 871 1884 ideoque
903 1822 970 1864 non
1004 1821 1111 1863 omries
1143 1821 1269 1864 errores

141 1885 376 1970 prummuticos
398 1885 537 1963 carreni,
568 1881 690 1948 scilicet
711 1905 763 1948 eos
785 1885 843 1968 qui
871 1885 983 1947 iterati
1006 1892 1191 1964 occurrunt,
1218 1906 1267 1948 en.

142 1992 194 2055 pr.
217 1967 299 2032 facte
326 1975 401 2030 sunt
428 1977 512 2030 terre
543 1977 663 2048 motus,
693 1977 777 2031 terre
806 1975 914 2030 motus
941 1969 1133 2031 creberrime
1164 1973 1215 2050 (p.
1238 1968 1267 2030 4.

143 2062 173 2117 ct
193 2053 252 2135 5),·
274 2049 475 2116 ebedomada
496 2057 546 2134 (p.
563 2051 591 2115 7.
614 2051 708 2115 semel
728 2053 868 2131 carreni,
884 2075 921 2136 p.
936 2053 987 2115 53.
1003 2052 1061 2132 80)
1083 2062 1112 2114 et
1134 2051 1267 2117 cimilia.

144 2137 301 2200 Lacernae
335 2160 357 2200 a
388 2135 528 2200 librario
559 2137 729 2199 indicatas
761 2137 828 2198 sioe
861 2157 901 2199 ece
933 2139 1121 2200 coniectura
1151 2134 1268 2200 litteris

144 2220 285 2304 obliquis
314 2219 481 2304 supplevi,
511 2221 577 2282 siue
600 2222 737 2303 punctis
759 2219 963 2304 siqnificaoi,
993 2217 1114 2284 seilicet
1137 2241 1268 2304 parvas

145 2305 272 2369 duobus
294 2352 301 2367 .
325 2353 332 2368 .
354 2305 497 2368 maiores
519 2305 621 2366 unias
646 2302 695 2366 uel
747 2301 870 2366 lurtum
899 2325 1049 2367 'versuum
1071 2303 1175 2367 tribus
1197 2351 1205 2367 .
1228 2351 1236 2367 .
1260 2351 1268 2367 .

148 2387 285 2452 Glossas
311 2397 418 2452 autem
442 2389 572 2470 partim
600 2388 640 2450 ab
668 2325 775 2450 cadim
802 2386 867 2468 (A)
873 2435 883 2468 ,
907 2389 1037 2470 partim
1066 2387 1104 2449 ab
1136 2397 1268 2451 auctore

145 2470 342 2537 collectionis
371 2472 437 2554 (B)
467 2471 622 2550 adiectus,
654 2473 701 2535 eis
735 2493 819 2556 quae
851 2471 945 2534 nuda
972 2472 1133 2554 praebent
1166 2494 1266 2556 orpu-

144 2566 253 2620 menta
282 2556 445 2641 neplectis,
473 2557 511 2618 in
538 2557 691 2641 marpine
718 2555 876 2639 inferiore
898 2557 1011 2640 posui.
1058 2555 1268 2620 Coniecturas

144 2642 285 2726 denique
307 2641 352 2705 ad
372 2639 459 2704 locos
482 2649 654 2787 corruptos
677 2638 897 2704 emendandos
920 2639 960 2702 ab
983 2639 1023 2701 A.
1045 2639 1137 2726 Wpss
1149 2637 1268 2724 factas

40 2751 42 2756 ·
144 2733 225 2788 nota
245 2724 303 2802 W„
325 2724 411 2805 illas,
428 2724 544 2809 quibus
559 2749 575 2788 e
590 2725 763 2788 arissimus
777 2723 975 2788 Germaniae
990 2733 1268 2787 monumentorum

145 2809 250 2872 editor
273 2806 311 2872 G.
335 2809 438 2872 Waitr
465 2809 551 2872 lanc
579 2830 707 2894 quoque
737 2808 910 2872 editionem
939 2809 1121 2886 enornaoit,
1152 2807 1269 2872 litteris

148 2892 187 2958 G.
209 2893 255 2958 W.
277 2895 422 2979 sipnaoi.

232 3068 364 3132 Dabam
385 3067 556 3152 Erlaupae
577 3069 710 3130 ineunte
732 3065 856 3129 Martio
878 3087 909 3134 a.
935 3064 1024 3130 1885.
