3076 4964
359 428 566 480 CHRONIOON
584 427 835 482 MOGUNTINUM.
873 429 905 482 A.
927 429 1008 481 1396.
1231 431 1272 481 69

225 595 321 659 Anno
344 595 457 660 eodem
479 595 628 661 dominus
650 595 817 662 Conradus
845 598 1103 684 archiepiscopus
1124 598 1270 684 Magea·
1307 604 1379 674 f

140 679 242 762 tinus,
264 678 412 744 dominus
432 679 516 744 Phili
540 702 602 766 pus
624 681 664 745 de
680 681 815 745 Nassaw
835 702 942 747 comes
964 690 996 746 et
1015 703 1121 747 comes
1136 683 1267 748 Diethe-

141 785 196 827 rus
207 774 228 845 ¹,
251 762 437 828 domicellus
451 763 478 826 P
503 765 510 778 '
526 766 621 863 ‘ppus
637 765 677 829 de
694 765 919 829 Falckenstein
934 765 1139 831 diffidebant·
1153 766 1267 830 Iohan-

141 869 215 911 nem
248 846 288 911 de
321 845 491 932 Cronberg
525 848 659 914 m11item
695 856 728 911 et
757 848 944 913 Eckardum
977 848 1018 914 de
1052 848 1274 914 Elckirhusen.

141 929 283 1013 militem,
316 932 407 995 cuius
434 942 583 1015 castrum,
609 931 757 997 videlicet
783 931 1006 1016 Elckirhusen,
1033 955 1092 1019 per
1118 935 1267 998 comitem

140 1013 328 1100 Philippum
360 1023 409 1078 est
434 1025 564 1102 captum
593 1024 625 1080 et
650 1015 790 1081 totaliter
816 1015 1049 1097 destructum¹;
1084 1026 1117 1081 et
1141 1018 1274 1099 merito,

142 1098 304 1184 quianon
325 1101 513 1184 recognovit
532 1101 641 1199 ipsum
662 1121 722 1199 pro
744 1100 883 1181 domino,
912 1099 986 1164 licet
1006 1099 1111 1164 fuerit.
1153 1101 1282 1200 Ecp'am7

140 1204 175 1246 re
221 1205 277 1245 um
302 1182 438 1268 predicti
458 1183 566 1247 militrs
588 1183 749 1248 modmum
776 1184 911 1266 duravit,
938 1206 1015 1248 nam
1034 1185 1069 1246 in
1090 1206 1274 1270 anno-pre·

141 1287 178 1330 ce
201 1267 267 1331 enti
287 1289 347 1331 rex
368 1266 429 1330 fuit
446 1266 603 1331 dictorum
625 1267 692 1331 ‘der
707 1265 830 1351 Slegcl⁷,
851 1268 886 1331 in
907 1269 1143 1366 annopresenti
1163 1265 1279 1332 factus?

142 1358 192 1414 est
211 1371 337 1448 pauper
357 1349 457 1433 miles,
486 1359 518 1416 et
538 1350 620 1416 bene
641 1373 774 1437 pauper,
803 1352 880 1437 quia
899 1373 1063 1437 propnam
1084 1373 1150 1416 non
1170 1351 1277 1416 habet

141 1455 349 1498 mans1onem.

225 1535 322 1600 Anno
349 1544 516 1622 prenotato
538 1559 598 1602 rex
618 1536 761 1621 Ungarie
784 1535 1027 1622 Sigesmundus,
1048 1535 1276 1602 nobilissimus·-

142 1625 175 1683 et
188 1620 376 1684 mitissimus
390 1619 564 1704 hominum,
586 1642 660 1684 cum
674 1621 817 1684 maxima
835 1622 984 1706 potencia
998 1622 1130 1686 intravit
1149 1629 1268 1685 terram

144 1701 392 1768 Sarracenorum
425 1727 482 1768 seu
514 1705 705 1787 Turcorum,
743 1705 947 1790 expugnatis,
969 1703 1085 1783 multis,
1109 1705 1203 1769 terris
1235 1712 1278 1768 et·¹
1357 1717 1359 1728 '

143 1787 255 1851 occisis
276 1787 633 1874 infinitisadultorumb,
656 1789 809 1853 iuvenum
831 1796 863 1853 et
883 1787 1052 1854 mulierum
1073 1787 1275 1852 hominibus..

141 1870 214 1935 Rex
235 1871 414 1936 Turcorum
433 1874 633 1937 innumeram
654 1871 890 1937 multitudinem
912 1873 1127 1957 congregavit,
1149 1872 1183 1934 in
1196 1891 1269 2018 utppg

141 1951 194 2018 ille
224 1953 398 2020 vilissimus
432 1955 535 2020 dictus
567 1955 668 2020 Lutze
704 1955 745 2020 de
774 1955 918 2020 Landaw
950 1978 1024 2019 cum
1055 1954 1164 2019 multis
1229 1955 1248 1970 '‘

141 2037 329 2121 cinistianis,
354 2039 428 2104 licet
448 2038 529 2122 falsi,
550 2039 688 2122 {irenmt
711 2047 744 2103 et
762 2041 927 2104 victoriam
949 2047 1059 2104 contra
1079 2039 1267 2103 christianos

141 2130 249 2187 tamen
298 2145 395 2187 aucos
422 2121 658 2187 obtinuersmt³.
700 2123 782 2187 Dux
802 2123 991 2207 Burgundio
1019 2131 1132 2209 captus
1153 2122 1215 2186 fuit
1235 2130 1268 2186 et

141 2205 235 2270 multi
294 2207 313 2222 ”
336 2206 414 2270 boni
433 2205 589 2287 homines,
612 2227 693 2291 quos
715 2228 826 2270 omnes
847 2229 907 2271 rex
927 2207 1126 2270 *Turcorum
1147 2215 1267 2292 preter·
1276 2211 1313 2266 *1.
1326 2217 1389 2258 1⁸8⁶-

164 2312 240 2353 uam
273 2291 387 2354 ducem
418 2289 599 2375 predictum
630 2297 697 2352 met
729 2291 912 2375 septimuns
932 2289 1008 2353 fecit
1037 2289 1093 2352 in⁰
1124 2289 1267 2354 medium

142 2310 253 2456 dividi,
281 2381 314 2439 et
341 2373 464 2460 absque
491 2371 589 2438 dubio
617 2394 728 2437 omnes
749 2381 906 2458 martyres
927 2373 1065 2437 fisersmt.
1108 2373 1181 2437 Rex
1200 2372 1267 2438 Un-

141 2458 306 2543 gariorum
326 2457 398 2520 iniit
416 2457 528 2541 fugam
549 2477 623 2521 cum
645 2458 721 2539 suis,
742 2457 930 2521 necessitate
952 2454 1146 2542 compulsus.

225 2559 320 2624 Anno
348 2557 461 2624 eodem
489 2560 574 2623 cives
597 2557 804 2624 Colonienses
829 2557 906 2623 bina
925 2559 995 2622 vioe
1017 2555 1266 2642 discrepabant(¹

140 2643 224 2708 inter
245 2665 289 2724 se,
318 2645 423 2729 primo
445 2643 653 2728 potenciorffl
669 2651 779 2706 contra
799 2641 878 2706 alios
899 2642 933 2704 in
955 2640 1096 2723 consilio,
1126 2640 1265 2706 seumdo

141 2727 351 2791 communitas
368 2735 479 2792 contra
492 2724 669 2809 consilium,
686 2747 767 2812 quos
785 2747 894 2790 omnes
910 2734 1064 2812 cepenmt
1078 2733 1110 2789 et
1123 2725 1266 2790 turribus

140 2811 405 2895 mancipaverunt
430 2811 465 2873 in
495 2811 600 2895 primo
629 2809 802 2894 dismrbi03
836 2808 936 2896 aiiqui
963 2809 1092 2873 fuerunt
1120 2807 1266 2873 decollati
1375 2869 1380 2874 .

141 2896 197 2981 qui
217 2895 377 2959 civitatem
397 2902 579 2959 rexerrmt⁴.

224 2996 320 3062 Anno
347 2997 412 3060 iam
442 2995 526 3060 dicto
554 2995 623 3060 dux
648 2995 790 3061 Iuliacen
809 2996 840 3065 's
864 3017 921 3060 seu
948 2957 1266 3058 Geht‘twilhelmus

140 3081 269 3146 nomine
281 3089 417 3144 castrum
430 3102 490 3165 pro
516 3080 784 3179 eAquisgrani,vi
808 3077 917 3144 elioet⁰
930 3077 1119 3143 Schonfurst
1140 3076 1272 3142 obsedit·

141 3171 173 3229 et
187 3165 295 3249 ipsum
316 3185 390 3227 cum
405 3102 553 3228 omnidus
574 3187 609 3227 rn
627 3165 699 3250 ipso
715 3162 926 3228 existentibus
947 3163 1033 3247 cepit
1054 3169 1086 3226 et
1107 3127 1272 3226 destruxit

141 3256 174 3312 et
200 3249 344 3345 captivos
372 3245 507 3312 deduxit
515 3257 537 3312 ⁵.
586 3247 631 3311 Et
658 3247 746 3312 idem
773 3247 921 3311 dominus
948 3267 1027 3310 usus
1053 3244 1115 3308 fuit
1135 3245 1270 3309 scientia

141 3369 183 3379 —
204 3339 326 3395 utmam
370 3329 437 3394 uod
458 3330 571 3395 eadem
593 3332 693 3395 eciam
715 3330 767 3394 hic
781 3338 865 3395 esset
885 3330 919 3393 in
932 3329 1093 3414 partibus!
1116 3367 1157 3377 -
1178 3327 1265 3392 unde

140 3415 211 3500 ipse
232 3415 320 3478 misit
340 3437 360 3478 a
391 3413 559 3496 Leodium,
580 3414 638 3479 ubi
660 3422 734 3478 sunt
749 3414 893 3478 homines
915 3422 983 3478 arte
1003 3411 1057 3476 illa
1069 3411 1269 3497 peritissimi,

140 3626 163 3681 a)
184 3628 322 3694 diffidcpant
336 3639 354 3668 o.
415 3625 439 3679 b)
459 3627 589 3696 adultpsrum
605 3639 622 3668 c.
684 3623 706 3677 c)
729 3630 792 3688 epse,
808 3636 856 3667 mm
871 3624 903 3666 W.
919 3636 956 3670 cm.
1023 3621 1047 3676 d)
1069 3624 1233 3702 discr-ebayant
1247 3635 1268 3666 c.

142 3686 165 3740 e)
181 3689 217 3728 vri
232 3699 258 3736 a,
274 3698 312 3728 cm.
328 3697 382 3728 mm.
404 3685 435 3728 W.

142 3862 171 3932 1)
190 3863 333 3916 Diethcruc
359 3865 392 3916 de
415 3863 646 3930 Kataonclnboqen
668 3879 721 3930 per
745 3879 854 3914 umorem
872 3861 1054 3914 Elisabctlram
1076 3859 1212 3913 comitibus
1230 3861 1268 3912 dc

141 3937 269 3990 Nasaowc
296 3938 428 4004 affinitate
457 3935 611 3988 coniunctus
640 3945 707 3987 erat.
787 3934 816 4001 2)
846 3934 886 4001 Of.
916 3934 1010 3986 Ohroa.
1040 3933 1126 3985 Limo.
1156 3951 1178 3986 c.
1200 3933 1265 3986 186.

140 4008 172 4078 8)
197 4011 294 4078 Puquo
313 4011 350 4062 cd
370 4007 517 4076 Nicopolim
538 4027 563 4060 a.
577 4011 656 4074 1396,
677 4008 748 4074 Sept.
769 4009 813 4061 98.
854 4008 917 4060 Noc
936 4009 993 4060 duc
1011 4007 1198 4074 Burquudiue,
1216 4007 1264 4058 sed

132 4082 211 4150 filius
248 4082 305 4134 cius
341 4083 477 4136 Iohannes
503 4081 632 4148 princeps
662 4079 835 4134 Nioerucusis
863 4082 932 4133 iuter
961 4082 1079 4146 captiuos
1110 4087 1176 4132 erat.
1222 4077 1265 4145 CJ.

140 4155 338 4224 Kocniqshoseu
352 4174 383 4222 p.
403 4157 465 4208 854.
486 4165 510 4206 et
530 4154 625 4207 caron.
644 4154 729 4207 Lamo.
749 4173 771 4206 c.
786 4155 848 4206 196.
922 4152 953 4220 4)
972 4153 1074 4205 &ditio
1089 4151 1263 4219 popularium

140 4236 232 4280 contra
239 4231 400 4295 potentiores
414 4238 438 4280 ct
449 4237 570 4280 acuatum
581 4227 669 4279 Colca.
683 4245 708 4279 a.
723 4229 802 4291 1396,
821 4228 884 4281 Iun.
900 4228 943 4276 18.
962 4227 1043 4292 sacta
1062 4235 1108 4277 cst.
1148 4224 1188 4292 CY.
1205 4223 1263 4276 Aa·

140 4303 215 4353 uoles
236 4303 289 4353 col,
312 4301 509 4365 (‘Stddtechron
520 4303 526 4325 '
536 4300 635 4365 XIII),
650 4301 821 4367 p.83.137,·
841 4300 965 4366 Koclhoff
982 4300 1028 4362 (ib.
1039 4299 1133 4364 XIV),
1147 4316 1179 4364 p.
1195 4299 1265 4360 731,·=

141 4373 237 4428 Otreos.
256 4374 342 4428 Limo.
363 4393 383 4429 c.
398 4375 460 4425 187.
549 4373 579 4440 6)
601 4372 688 4424 Cisrtis
708 4373 878 4439 Schtioforat5
906 4374 941 4438 cf.
960 4372 1085 4438 Koclhoff
1095 4389 1126 4438 p.
1141 4371 1202 4434 726,
1218 4373 1264 4423 11.
