3090 4962
423 386 631 439 CHRONIOON
649 385 902 437 MOGUNTINUM.
1181 389 1231 441 XV

115 557 155 641 (f.
172 557 261 638 128).
305 556 373 620 sea
394 558 491 620 etiam
514 556 595 640 quid
617 556 655 619 de
670 555 924 640 imperatoribus
947 565 1042 641 atque
1053 559 1168 640 papis,
1190 557 1230 621 de

114 642 371 726 archiepiscopis
408 640 548 726 aliisque
569 639 786 725 principibus
819 637 1012 724 aequalibus
1041 641 1163 704 iudicet
1190 677 1230 686 —

113 735 140 788 et
162 726 405 790 acerbissimum
426 725 592 789 interdum
620 726 692 789 eius
718 724 882 787 indicium
904 733 950 787 est
980 760 1029 803 -‚
1051 747 1118 789 non
1139 724 1231 790 celat.

114 810 162 873 De
183 810 307 874 Karolo
326 811 349 872 Ι
353 809 383 874 V.
407 806 437 872 et
464 807 646 873 Wenceslao
667 831 742 894 reqe
763 805 932 893 culpatam
954 808 1098 891 suplicat
1120 810 1229 895 opini-

113 917 220 976 onem,
254 916 320 980 qua
347 893 401 958 ille
428 893 605 958 Bobemiae
635 902 762 956 tantum
786 914 912 976 parens
931 891 1044 975 fuisse
1069 902 1098 957 et
1129 893 1230 958 solam

111 980 207 1062 requi
236 970 430 1043 hereditarii
451 978 623 1042 utilitatem
641 979 868 1124 {pectavisseg
898 977 950 1041 bic
969 1000 1141 1062 paparum
1163 977 1229 1041 dis-

112 1063 259 1127 cordiam
295 1063 473 1148 neqlenisse
516 1071 545 1126 et
580 1062 640 1126 libi
663 1061 774 1124 inibus
817 1070 943 1124 tantum
986 1064 1056 1126 suis
1098 1061 1231 1147 Proque

110 1146 290 1211 indulsisse
311 1149 518 1212 suistimatur
541 1145 583 1230 (f.
610 1144 801 1225 1162'127).

195 1231 342 1294 Manime
371 1231 483 1295 ducem
504 1229 702 1315 Leopoldum
725 1231 937 1294 Austriacum
966 1229 1144 1312 collaudat,
1173 1231 1230 1314 qui

111 1313 223 1378 similis
258 1315 338 1379 Iude
370 1314 547 1378 Machabco
580 1324 695 1378 contra
733 1312 894 1378 Heluetios
922 1337 1086 1399 pnqnans
1118 1316 1231 1378 imma·

111 1402 263 1464 nissimos
278 1399 429 1463 ceciderit
444 1398 584 1483 (f.1.30)‚
600 1408 696 1484 atque
711 1399 824 1462 ducem
835 1398 1019 1482 Rursum
1031 1397 1238 1486 pqlqtinumq

110 1486 168 1569 qui
179 1486 346 1548 civitatum
353 1486 572 1568 prostraverit
582 1485 762 1547 societatem
776 1481 819 1566 (f.
831 1482 919 1561 135).
942 1483 1113 1566 Paparum
1125 1491 1231 1546 autem

111 1567 300 1653 aequalium
317 1568 471 1631 Urbanus
488 1567 519 1631 V.
542 1567 582 1630 ab
597 1589 633 1632 eo
649 1566 825 1630 celebratur
846 1564 904 1629 lux
922 1567 1032 1630 mundi
1054 1575 1086 1629 st
1107 1575 1231 1630 amator

109 1651 252 1732 iusticie,
278 1653 362 1798 quia
384 1654 509 1736 optima
536 1651 597 1716 illa
620 1653 828 1735 antiquorum
852 1653 1004 1714 instituta
1025 1651 1231 1715 renouauerit

110 1745 140 1800 et
160 1759 276 1800 monac
295 1759 335 1802 os
358 1758 484 1821 qnoque
505 1736 726 1801 mendicantes
748 1736 832 1798 duos
853 1757 984 1799 munere
1006 1734 1230 1798 cardinalium

112 1823 289 1884 ornaverit.
326 1821 375 1884 Eo
396 1823 534 1885 iratiore
556 1823 592 1883 in
616 1818 813 1905 Greqorium
835 1819 891 1900 XI,
913 1841 1127 1883 successorem
1148 1821 1230 1898 eius,

111 1906 221 1969 animo
244 1913 303 1986 est,
331 1908 389 1990 qui
414 1904 505 1968 illam
527 1906 567 1969 de
589 1907 780 1989 episcopatu
802 1904 998 1988 Moquntino
1025 1905 1111 1967 inter
1132 1903 1230 1967 Adol-

99 1989 181 2074 fum
203 1989 230 2054 Ι.
252 1989 451 2053 Nassooinm
477 1998 506 2054 et
527 1989 728 2053 Ludooicum
750 1989 948 2052 Misnensem
978 1988 1231 2052 controversiam

110 2075 319 2138 oscitaverit:
349 2073 471 2158 Accipe
494 2071 659 2153 baculum,
688 2074 812 2158 inquit,
839 2081 872 2134 et
892 2070 974 2135 vsde
1003 2070 1230 2152 mendicatum,

108 2156 225 2241 rubigo
236 2166 268 2221 te
280 2166 446 2222 consumet
458 2156 567 2240 (f..118
569 2161 596 2239 ).
622 2154 717 2230 Quod
729 2157 774 2219 ad
783 2178 952 2241 paparum
964 2159 1078 2221 attinet
1089 2157 1231 2221 scbisma

109 2243 255 2323 easdem,'
275 2265 358 2326 quas
382 2240 619 2306 Germanorum
643 2243 829 2324 imperinm,
857 2243 1003 2325 sequitur
1024 2250 1140 2325 partes
1163 2241 1228 2304 Ro-

110 2329 205 2390 mani
232 2349 343 2411 papae
370 2326 498 2390 Urbani
521 2325 571 2406 VI,
599 2347 796 2410 quamquam
816 2333 953 2408 propter
974 2347 1130 2410 maqnam
1158 2327 1230 2388 eius

109 2413 148 2475 in
181 2410 276 2474 rebus
311 2411 450 2496 aqendis
484 2411 739 2473 inconstantiam
771 2408 868 2472 laude
903 2409 934 2472 ei
965 2408 1128 2493 indiqnas
1163 2430 1229 2474 esse

109 2496 248 2559 uidetur.
281 2495 407 2559 Eadem
420 2494 565 2559 libertate
586 2494 692 2556 utitur
713 2494 750 2556 in
766 2492 988 2557 describendis
1003 2494 1230 2577 episcoporum

109 2581 392 2664 Moquntinorum,
415 2601 493 2665 quos
509 2579 638 2642 uidebat
657 2587 843 2662 reqnantes‚
865 2577 1026 2658 moribus‚·
1048 2575 1133 2640 uelut
1148 2574 1228 2640 Ger·

110 2665 200 2728 laelii
214 2666 253 2728 de
268 2664 424 2728 Nassowe
439 2665 588 2748 episcopi
604 2664 860 2726 inconstantiam
874 2663 1052 2726 manimam
1075 2684 1114 2725 ue
1128 2661 1227 2724 Ioan-

110 2752 165 2814 nis
183 2749 222 2812 de
237 2747 357 2834 Liqnp,
380 2749 574 2812 successoris
588 2748 670 2827 eius,
692 2749 846 2811 inertiam
868 2746 1016 2830 despicit.
1049 2684 1091 2809 ln
1106 2754 1228 2809 contro·

108 2837 218 2898 versia
239 2832 300 2895 illa
321 2835 407 2896 inter
428 2833 597 2917 episcopos
618 2831 781 2894 diuturna
805 2841 898 2916 atque
922 2831 1112 2914 perniciosa
1133 2828 1227 2893 eccle-
1291 2833 1295 2848 ¹

109 2919 180 2982 siae
206 2916 352 3001 capitulo
387 2921 437 2997 (a.
470 2915 710 2995 1374-1382)
742 2915 887 2998 primam
919 2924 1079 2996 neutram,
1113 2922 1229 2997 postea

110 3011 217 3066 autem
239 3023 312 3064 cnm
328 3000 488 3085 plurimis
509 2999 651 3085 capituli
672 2991 925 3082 clericis‘Aaoffi
937 2999 1103 3063 Nc'ssso'aii
1113 3007 1229 3082 partes

109 3095 237 3150 secutus
264 3093 440 3232 estqssquem
468 3083 526 3147 snb
545 3083 647 3166 finem
673 3085 890 3168 principatus
917 3086 1051 3147 summis
1073 3081 1229 3146 laudibus

24 3189 31 3200 '
110 3194 126 3234 e
152 3179 200 3234 ert
257 3217 264 3232 .
290 3171 304 3231 1
352 3171 356 3188 '
381 3215 389 3231 .

118 3169 156 3256 ff
196 3169 379 3326 Clsfronicod
391 3261 626 3346 Moquntinam
644 3259 690 3322 ad
700 3259 945 3322 describendam
962 3260 1135 3322 historiam
1147 3256 1226 3322 Ger·
1245 3263 1278 3303 θ’
1289 3263 1382 3302 “wri-

108 3347 275 3408 manicam
304 3345 344 3408 ab
367 3369 398 3408 a.
421 3344 511 3408 1347.
541 3367 640 3430 usque
670 3344 715 3406 aol
741 3367 772 3408 a.
796 3343 884 3407 1406.
912 3345 1050 3407 manimi
1078 3345 1228 3406 momenti
1245 3323 1378 3431 mfflsm‘

109 3439 164 3496 est.
209 3426 391 3514 Sinqulare
413 3437 457 3493 est
478 3430 565 3493 enim
588 3451 670 3512 opus
692 3437 787 3512 atque
805 3429 992 3511 proprium,
1018 3428 1227 3512 compositam

109 3515 150 3578 ab
181 3513 315 3598 aequali
344 3513 411 3576 illis
440 3512 636 3597 temporibus
665 3515 823 3596 scriptore
853 3511 953 3596 diqno
984 3514 1039 3576 cni
1074 3511 1228 3575 credatur

107 3620 280 3683 rerumque
302 3607 467 3683 qestarum
495 3619 577 3682 quas
606 3597 710 3660 tradit
734 3597 944 3680 peritissimo.
990 3595 1092 3662 Cuius
1115 3607 1229 3659 auctor

107 3705 188 3746 usus
212 3703 278 3746 non
289 3683 518 3748 mairanicis
532 3681 644 3744 Iacobi
659 3682 713 3744 Mo
738 3682 849 3744 antini
866 3689 895 3742 et
908 3681 1069 3756 Mattbiae
1084 3681 1258 3759 Numen-5

24 3779 26 3782 ’
107 3751 290 3852 burqensis,
323 3765 520 3851 quamquam
552 3787 592 3828 us
615 3704 736 3834 ueuadq
754 3787 880 3828 annum
912 3755 1147 3848 semaq'esimum
1179 3765 1293 3866 uela]

106 3853 382 3956 septaapesimum
412 3848 534 3913 saeculi
559 3788 613 3912 Xl
616 3849 646 3913 V.
677 3850 812 3912 eandem
834 3847 941 3933 femie
968 3859 1004 3912 ut
1020 3841 1227 3912 illitractat
1287 3887 1298 3905 .

107 3945 288 3999 materiam.
308 3934 436 3999 ‘E’odeib
450 3944 590 4019 tempore
605 3935 762 4018 scriptum
778 3957 817 3996 ac
832 3934 1055 3998 commentarii
1072 3930 1227 3996 Ulmanni

107 4017 268 4084 Strameri
288 4019 573 4105 Norimberqensis
598 4026 627 4080 et
649 4019 825 4083 chronicon
847 4017 960 4081 Iacobi
980 4015 1225 4102 Koeniqsliofen

108 4207 137 4274 1)
162 4207 204 4274 CJ.
231 4209 424 4276 Koeniqsbofen
445 4229 476 4276 p.
495 4211 563 4272 491‚·
588 4207 785 4276 Limburqensis
811 4206 932 4259 Obronici
958 4215 1049 4260 auctor
1073 4209 1144 4259 solus
1169 4207 1225 4258 alia

105 4281 238 4333 sententia
261 4300 326 4334 usus
353 4301 407 4335 esse
426 4282 539 4346 uidetur,
564 4283 653 4334 dicens
667 4299 697 4347 p.
711 4282 747 4330 30
767 4282 820 4344 (ed.
840 4281 939 4348 qus).·
965 4281 1094 4333 Derselbe
1113 4281 1224 4333 Carolus

103 4356 205 4420 regirat
225 4383 259 4392 -
278 4357 318 4407 als
338 4359 382 4408 cin
400 4358 466 4410 lewe
485 4373 526 4408 ms
546 4358 601 4407 dan
620 4357 716 4422 drissig
730 4356 780 4421 jar.
