3088 4962
278 394 314 444 se
512 389 722 443 onaomcon
739 387 993 440 uoonnmntm.
1030 387 1063 438 s„
1086 363 1165 440 13⁷4.

278 561 323 625 Et
343 557 464 624 ibidem
483 565 561 620 tunc
582 565 614 620 et
635 557 781 643 sequenti
802 563 868 620 tem
892 577 946 620 ore
973 554 1034 618 fuit
1055 556 1183 620 caristia
1204 563 1295 620 tanta
1338 577 1405 619 res-

279 653 384 724 sura⁸,
398 641 485 729 quod
501 691 508 705 .
525 640 612 727 dilue
626 662 661 706 se
676 638 821 706 extendit
890 638 1025 703 alterum
1039 637 1228 702 dimidiumb
1243 639 1309 703 mal
1344 698 1371 735 μ
1402 684 1419 730 ¹,

238 749 241 756 ’
279 749 428 794 mensure
449 725 536 809 Mag.
559 719 703 790 solvebat
726 725 765 788 12
786 723 855 787 flor.
878 724 948 787 auri
970 709 1167 815 cmrentlsl*
1179 721 1296 786 Adhuc
1317 745 1405 809 papa

281 811 388 877 omnia
407 809 563 884 beneficia
608 778 968 947 etentibuslpeservabat
989 816 1021 872 et
1033 814 1196 872 reservato
1218 807 1406 894 imponebat

279 904 406 960 centum
426 893 527 957 flor..
614 914 783 957 cameram.
812 895 865 967 ’Μ’

161 1007 268 1059 *1.1152
320 975 430 1060 ‘iffi
440 994 502 1059 hoc
522 1003 667 1081 tempore
689 996 773 1058 circa
793 994 862 1058 dios
907 992 1118 1075 enthecostsu
1131 993 1223 1058 navis
1246 991 1405 1079 quaedam
1424 1037 1444 1052 ι
1529 1071 1530 1074 ¹

167 1069 374 1168 ⁸⁴¹⁶·²¹·periit
400 1081 435 1143 in
462 1078 602 1226 Mofiano
632 1079 717 1143 circa
743 1076 852 1142 villam
912 1063 1111 1142 elstirbachs.
1161 1077 1213 1142 lbi
1241 1079 1405 1164 periemmt

279 1166 364 1229 circa
377 1171 505 1228 centum
542 1163 663 1227 omines
682 1163 723 1226 de
737 1161 851 1226 validis
869 1162 956 1244 viris,
972 1160 1157 1226 mulieribus
1172 1170 1204 1226 et
1217 1161 1402 1244 infantibus,
1524 1195 1530 1216 ι

279 1247 424 1397 ᾓιὲίθὲιὲιιο
444 1246 651 1332 ἰιιᾶεὴθρθιτί
665 1255 698 1311 et
712 1245 838 1332 sepulti,
861 1253 893 1310 et
907 1245 1035 1310 fuerunt
1050 1245 1090 1310 de
1109 1244 1243 1310 diversis
1257 1245 1403 1331 partibus

364 1413 460 1479 Circa
479 1413 641 1500 predictos
663 1412 731 1478 dies
753 1414 917 1500 perierunt
938 1411 1031 1476 multi
1051 1412 1195 1477 homines
1221 1435 1264 1476 ex
1284 1411 1403 1478 resolu-

279 1501 366 1564 tione
386 1498 482 1562 nubis
503 1497 649 1583 pluviose
671 1497 799 1586 cadenp'
835 1497 869 1560 in
888 1495 958 1560 loco
981 1495 1076 1560 dicto.
1178 1537 1181 1546 ι

171 1619 226 1664 ιιι,
235 1617 270 1662 1s.
365 1599 460 1664 Circa
472 1599 591 1664 festum
604 1599 672 1663 Viti
687 1607 719 1664 et
733 1517 872 1664 Modesti
885 1598 946 1662 fuit
959 1606 1087 1684 tempus
1101 1597 1195 1664 valde
1209 1597 1402 1683 pluviosum,

281 1683 400 1748 durans
414 1683 603 1768 permultos
619 1682 687 1747 dies
702 1692 846 1767 tempore
861 1705 924 1767 quo
939 1683 1032 1747 vinee
1046 1682 1230 1765 floruonmt,
1253 1691 1285 1747 et
1299 1705 1401 1769 usque

280 1767 323 1832 ad
343 1789 487 1832 mensem
506 1765 647 1851 Augusti
676 1766 813 1831 obtinuit
839 1775 958 1830 terram
984 1765 1149 1831 nubilosus
1178 1775 1210 1830 et
1235 1765 1402 1852 pluviosus

279 1873 344 1934 aer,
365 1849 451 1915 unde
471 1851 580 1916 vinum
604 1859 636 1914 et
657 1850 851 1914 frumentum
872 1849 965 1914 valde
987 1851 1158 1934 perierunt.

363 1935 446 1998 Item
456 1933 600 2020 predicto
612 1942 676 1998 tem
702 1955 755 1998 ore
767 1933 1032 1998 succubuerunto
1056 1934 1144 1998 idani
1154 1933 1404 2019 Fridbergenses

280 2019 378 2082 occisi
398 2027 431 2082 et
452 2039 490 2081 ca
513 2019 605 2082 tivati
629 2041 650 2082 a
670 1956 776 2116 lhilip
802 2039 820 2082 o
847 2018 963 2081 iuniori
985 2017 1024 2082 de
1075 2017 1272 2082 alckenstein
1282 2030 1302 2100 ²,
1326 2021 1403 2104 quia

279 2101 431 2166 volebant
445 2041 614 2166 deldndere
635 2103 699 2188 ipsi
714 2040 845 2187 opldm
865 2100 1000 2187 predam
1017 2102 1177 2186 pecudum
1192 2125 1322 2167 suarum
1344 2127 1402 2202 per

280 2183 652 2332 puosdanphlpltpunculos
673 2185 800 2268 factam,
823 2193 855 2250 et
877 2186 922 2248 sic
935 2183 1115 2250 inciderimt
1135 2187 1168 2248 in
1189 2208 1302 2250 manus
1325 2187 1403 2252 droti

305 2290 403 2333 ommi
554 2292 574 2332 1.

364 2352 415 2416 Eo
432 2291 577 2438 tempdiie
598 2353 784 2418 invaserunt
794 2351 1044 2418 Wedderabiam
1066 2353 1159 2416 multi
1171 2353 1341 2418 latnmculi
1362 2354 1403 2419 de
1426 2387 1484 2448 ὅ)
1529 2417 1530 2420 ,

152 2515 153 2520 ¹
281 2485 290 2500 .
314 2485 321 2500 .
344 2457 481 2534 quorum
503 2438 586 2501 circa
602 2437 663 2502 100
684 2445 758 2500 sunt
772 2437 925 2521 captivati
946 2435 987 2501 ab
1008 2426 1404 2545 castrerffijdbidbergeusi

75 2493 186 2580 asle·
280 2519 410 2584 dommo
430 2519 499 2584 de.
523 2569 562 2584 ..
604 2521 628 2556 '³
1401 2504 1521 2586 bx„

199 2590 350 2635 *s
364 2603 405 2666 In
432 2625 542 2668 mense
563 2602 711 2702 Augusto
738 2602 824 2668 facta
845 2611 894 2668 est
914 2612 1004 2669 tanta
1031 2605 1140 2690 capeio
1162 2606 1308 2690 piscium,
1324 2605 1402 2693 ‘que

281 2708 400 2772 magna
425 2686 529 2751 fuerat
554 2695 683 2772 pemtus
706 2736 713 2751 .
738 2699 780 2769 ,ἐς
809 2695 842 2752 et
870 2687 957 2774 quod
1002 2690 1068 2752 rius
1097 2711 1156 2774 pro
1186 2710 1250 2753 uno
1271 2689 1403 2775 floreno,
1508 2760 1510 2766 Ι

280 2791 367 2834 nunc
387 2791 446 2855 pro
468 2793 532 2834 uno
554 2779 731 2858 turonense
744 2771 779 2834 in
800 2770 868 2835 foro
890 2773 961 2857 pisc
994 2773 1001 2786 ‘
1022 2780 1149 2858 poterat
1170 2774 1243 2836 emi.

202 2869 230 2938 <l
365 2871 405 2935 In
424 2893 534 2936 mense
554 2872 704 2957 Augusto
724 2871 860 2937 Adolfus
882 2873 1001 2960 electus
1022 2874 1279 2962 archiepiscopus
1301 2885 1404 2942 trans-

133 3023 140 3028 ,
281 2954 355 3019 tulit
381 2978 415 3020 se
444 2977 517 3020 cum
543 2978 660 3041 magno
688 2965 883 3022 armatorum
905 2955 1058 3024 comitatu
1081 2957 1124 3024 ad
1143 2962 1253 3058 paites
1274 2960 1409 3046 Hassie,

13 3039 14 3122 ]
84 3022 147 3138 >K
173 3039 468 3122 *mreWestvalia
499 3039 640 3106 Saxonis
669 3049 701 3104 et
726 3040 812 3124 alibi,
839 3041 896 3106 ubi
923 3051 1013 3107 erant
1039 3044 1229 3107 munitiones
1252 3043 1403 3111 *ecclesie

282 3122 336 3189 Mo
361 3125 500 3205 untiaret*
514 3133 547 3188 et
578 3146 688 3207 omnes
719 3125 863 3189 fecerunt
895 3126 956 3191 sibi
987 3127 1182 3212 homagium,
1214 3151 1265 3194 res
1290 3138 1403 3194 uenies

281 3145 491 3290 Ludovicum,
514 3230 610 3293 quem
630 3231 718 3294 papa
745 3208 948 3273 ordinaverat
969 3209 1246 3298 archiepiscopum
1289 3210 1403 3298 ogdn-

281 3291 397 3373 tiaum,
419 3298 540 3356 storto
563 3301 637 3356 sunt
658 3340 666 3356 .
690 3341 697 3356 .
720 3293 967 3377 gwerre‘lsinter
989 3295 1097 3380 ipsum
1118 3303 1151 3360 et
1171 3299 1404 3382 marggravios.

359 3391 399 3456 In
412 3392 560 3478 Augusto
571 3393 687 3459 accidit
696 3393 930 3478 miraculosum,
946 3395 1033 3482 quod
1043 3399 1229 3462 memoriam
1240 3398 1407 3464 hominum
1529 3469 1530 3474 γ

282 3475 424 3622 amplias·
446 3476 700 3542 transcendebat.
749 3479 787 3542 In
815 3479 960 3566 partibus
984 3529 991 3545 .
1016 3530 1022 3544 .
1046 3481 1342 3566 ,oll'raiectensium
1370 3485 1424 3548 in.

282 3558 331 3623 Uo
345 3560 419 3624 onia
452 3569 485 3624 et
515 3561 712 3626 Brabancia‘
731 3571 763 3628 et
796 3565 830 3626 in
865 3564 970 3627 vicino
1003 3564 1141 3650 quedam
1172 3565 1257 3631 furia
1287 3569 1406 3632 invasit
1528 3621 1530 3650 ,

282 3642 399 3707 multos
430 3643 575 3709 homines
607 3646 775 3732 utriusque
808 3669 904 3711 sexus
935 3647 1019 3712 infra
1050 3649 1174 3714 senium
1207 3653 1405 3734 constitutos,

281 3725 431 3792 videlicet
452 3728 538 3814 quod
552 3729 620 3814 ipsi·
631 3729 798 3812 saltabant,
821 3731 1005 3796 corizabant
1026 3754 1098 3796 oum
1120 3735 1186 3798 risu
1207 3743 1239 3799 et
1252 3735 1405 3800 vocifera-

282 3914 308 3968 s)
322 3927 365 3966 pro
377 3920 394 3958 t.
406 3929 429 3967 p.
443 3917 474 3956 W.
490 3918 615 3967 suspicatur
624 3922 672 3959 tam
680 3921 789 3971 pessima.
827 3919 852 3972 b)
868 3922 901 3962 tic
916 3923 1001 3973 aliquia
1015 3924 1116 3964 amisisse
1131 3926 1232 3975 apparu.
1272 3921 1293 3977 e)
1309 3927 1405 3976 penitus
1527 3961 1530 3970 .

283 3976 388 4044 abolebat
402 3986 433 4026 c.,·
453 3975 484 4017 W.
505 3979 620 4026 proposuit
632 3969 805 4034 post'pifflnm,
826 3981 960 4032 ubiquidem
974 3993 1021 4022 noa
1036 3989 1066 4022 est
1081 3985 1168 4036 wana,
1190 3989 1217 4024 ut
1232 3986 1302 4025 carisi
1327 3995 1349 4024 ιιι
1370 3985 1405 4025 in·
1519 3990 1522 3996 ’

283 4043 360 4082 sacre,
383 4039 428 4074 tum
450 4035 555 4077 aboleret
577 4041 632 4078 recte
653 4049 676 4078 ss
698 4021 791 4080 Ιιῖΐῖνῖι.
858 4039 881 4090 d)
903 4053 1006 4090 gewerrs
1021 4053 1038 4081 c.
1068 4043 1162 4084 Ioannis
1175 4043 1196 4092 I,
1210 4055 1235 4092 p.
1296 4075 1301 4086 .
1320 4044 1406 4094 supplet

284 4103 368 4142 graves
383 4087 553 4142 guarrau‘·
1301 4087 1340 4147 ‘v

243 4239 245 4244 ’
286 4250 315 4316 1)
334 4251 554 4306 Kelsterdaclsod
567 4255 693 4308 Moenum
703 4259 735 4324 fl.
749 4257 960 4322 iafraHosclsst.
1017 4259 1047 4325 2)
1061 4261 1232 4314 sollemnia
1246 4263 1408 4316 admoatsm

288 4325 413 4378 Taunum
437 4345 454 4378 a
477 4329 647 4382 meridionali
669 4338 693 4382 et
712 4331 868 4384 occidentali
888 4341 969 4398 pacta
987 4333 1166 4404 Friedberyae
1188 4334 1218 4386 iu
1238 4333 1406 4388 Wetteravia.
