<?xml version="1.0" encoding="UTF-8"?>
<!DOCTYPE html PUBLIC "-//W3C//DTD XHTML 1.0 Transitional//EN"
    "http://www.w3.org/TR/xhtml1/DTD/xhtml1-transitional.dtd">
<html xmlns="http://www.w3.org/1999/xhtml" xml:lang="en" lang="en">
 <head>
  <title>
</title>
<meta http-equiv="Content-Type" content="text/html;charset=utf-8" />
  <meta name='ocr-system' content='tesseract 3.04.00' />
  <meta name='ocr-capabilities' content='ocr_page ocr_carea ocr_par ocr_line ocrx_word'/>
</head>
<body>
  <div class='ocr_page' id='page_1' title='image "./chroniconmogunt00hegegoog_0205.png"; bbox 0 0 3076 4964; ppageno 0'>
   <div class='ocr_carea' id='block_1_1' title="bbox 355 402 1242 484">
    <p class='ocr_par' dir='ltr' id='par_1_1' title="bbox 355 402 1242 484">
     <span class='ocr_line' id='line_1_1' title="bbox 355 402 1242 484; baseline -0.001 -28"><span class='ocrx_word' id='word_1_1' title='bbox 355 405 565 456; x_wconf 82' lang='lat' dir='ltr'>CHRONIGON</span> <span class='ocrx_word' id='word_1_2' title='bbox 583 405 834 457; x_wconf 83' lang='lat' dir='ltr'><strong>MOGUNTINUM.</strong></span> <span class='ocrx_word' id='word_1_3' title='bbox 873 405 905 458; x_wconf 82' lang='lat' dir='ltr'><strong>A.</strong></span> <span class='ocrx_word' id='word_1_4' title='bbox 928 403 1007 456; x_wconf 82' lang='grc'>1400.</span> <span class='ocrx_word' id='word_1_5' title='bbox 1196 402 1242 484; x_wconf 81' lang='grc' dir='ltr'><strong>Ι70</strong></span> 
     </span>
    </p>
   </div>
   <div class='ocr_carea' id='block_1_2' title="bbox 14 569 1356 2672">
    <p class='ocr_par' dir='ltr' id='par_1_2' title="bbox 119 569 1244 720">
     <span class='ocr_line' id='line_1_2' title="bbox 119 569 1244 657; baseline -0.003 -21"><span class='ocrx_word' id='word_1_6' title='bbox 119 569 300 655; x_wconf 79' lang='lat' dir='ltr'>submersit,</span> <span class='ocrx_word' id='word_1_7' title='bbox 323 572 418 637; x_wconf 86' lang='lat' dir='ltr'><strong>sicuti</strong></span> <span class='ocrx_word' id='word_1_8' title='bbox 439 569 556 636; x_wconf 87' lang='lat' dir='ltr'><strong>multos</strong></span> <span class='ocrx_word' id='word_1_9' title='bbox 574 570 695 657; x_wconf 88' lang='lat' dir='ltr'><strong>probos</strong></span> <span class='ocrx_word' id='word_1_10' title='bbox 709 569 854 636; x_wconf 90' lang='lat' dir='ltr'><strong>homines</strong></span> <span class='ocrx_word' id='word_1_11' title='bbox 868 580 963 636; x_wconf 88' lang='lat' dir='ltr'><strong>antea</strong></span> <span class='ocrx_word' id='word_1_12' title='bbox 985 579 1095 635; x_wconf 88' lang='lat' dir='ltr'><strong>contra</strong></span> <span class='ocrx_word' id='word_1_13' title='bbox 1117 591 1244 636; x_wconf 89' lang='lat' dir='ltr'><strong>omnem</strong></span> 
     </span>
     <span class='ocr_line' id='line_1_3' title="bbox 119 654 562 720; baseline 0.002 -2"><span class='ocrx_word' id='word_1_14' title='bbox 119 655 281 720; x_wconf 80' lang='lat' dir='ltr'><strong>iusticiam</strong></span> <span class='ocrx_word' id='word_1_15' title='bbox 303 657 399 720; x_wconf 90' lang='lat' dir='ltr'><strong>morti</strong></span> <span class='ocrx_word' id='word_1_16' title='bbox 420 654 562 720; x_wconf 78' lang='lat' dir='ltr'><strong>tradidit.</strong></span> 
     </span>
    </p>

    <p class='ocr_par' dir='ltr' id='par_1_3' title="bbox 119 738 1301 1245">
     <span class='ocr_line' id='line_1_4' title="bbox 204 738 1301 826; baseline -0.001 -24"><span class='ocrx_word' id='word_1_17' title='bbox 204 739 286 803; x_wconf 85' lang='lat' dir='ltr'>Item</span> <span class='ocrx_word' id='word_1_18' title='bbox 313 741 347 803; x_wconf 91' lang='lat' dir='ltr'><strong>in</strong></span> <span class='ocrx_word' id='word_1_19' title='bbox 374 749 520 826; x_wconf 84' lang='lat' dir='ltr'><strong>protacta</strong></span> <span class='ocrx_word' id='word_1_20' title='bbox 549 739 780 803; x_wconf 77' lang='lat' dir='ltr'>convocatione</span> <span class='ocrx_word' id='word_1_21' title='bbox 808 739 992 823; x_wconf 82' lang='lat' dir='ltr'><strong>principum</strong></span> <span class='ocrx_word' id='word_1_22' title='bbox 1020 738 1151 803; x_wconf 90' lang='lat' dir='ltr'><strong>fuerunt</strong></span> <span class='ocrx_word' id='word_1_23' title='bbox 1177 738 1245 803; x_wconf 89' lang='lat' dir='ltr'><strong>dux</strong></span> <span class='ocrx_word' id='word_1_24' title='bbox 1299 774 1301 779; x_wconf 94' lang='lat'><em>·</em></span> 
     </span>
     <span class='ocr_line' id='line_1_5' title="bbox 120 820 1245 908; baseline 0 -22"><span class='ocrx_word' id='word_1_25' title='bbox 120 821 306 888; x_wconf 84' lang='lat' dir='ltr'><strong>Fridericus</strong></span> <span class='ocrx_word' id='word_1_26' title='bbox 338 823 384 904; x_wconf 75' lang='lat' dir='ltr'><strong>¹dc</strong></span> <span class='ocrx_word' id='word_1_27' title='bbox 411 823 586 908; x_wconf 74' lang='lat' dir='ltr'><strong>Brunsswig</strong></span> <span class='ocrx_word' id='word_1_28' title='bbox 621 832 654 888; x_wconf 92' lang='lat' dir='ltr'><strong>et</strong></span> <span class='ocrx_word' id='word_1_29' title='bbox 691 821 790 886; x_wconf 81' lang='lat' dir='ltr'><strong>frater</strong></span> <span class='ocrx_word' id='word_1_30' title='bbox 826 845 903 886; x_wconf 87' lang='lat' dir='ltr'><strong>suus</strong></span> <span class='ocrx_word' id='word_1_31' title='bbox 933 820 1071 886; x_wconf 84' lang='lat' dir='ltr'><strong>carnalis</strong></span> <span class='ocrx_word' id='word_1_32' title='bbox 1107 822 1175 886; x_wconf 88' lang='lat' dir='ltr'><strong>dux</strong></span> <span class='ocrx_word' id='word_1_33' title='bbox 1210 823 1245 886; x_wconf 90' lang='lat' dir='ltr'><strong>in</strong></span> 
     </span>
     <span class='ocr_line' id='line_1_6' title="bbox 119 905 1246 994; baseline 0.001 -25"><span class='ocrx_word' id='word_1_34' title='bbox 119 905 351 994; x_wconf 51' lang='lat' dir='ltr'><strong>Liinenburgf</strong></span> <span class='ocrx_word' id='word_1_35' title='bbox 379 909 444 988; x_wconf 79' lang='lat' dir='ltr'><strong>Qui</strong></span> <span class='ocrx_word' id='word_1_36' title='bbox 472 905 658 972; x_wconf 86' lang='lat' dir='ltr'><strong>Fridericus</strong></span> <span class='ocrx_word' id='word_1_37' title='bbox 691 905 769 970; x_wconf 90' lang='lat' dir='ltr'><strong>dum</strong></span> <span class='ocrx_word' id='word_1_38' title='bbox 800 905 843 970; x_wconf 93' lang='lat' dir='ltr'><strong>ad</strong></span> <span class='ocrx_word' id='word_1_39' title='bbox 874 916 983 992; x_wconf 92' lang='lat' dir='ltr'><strong>partes</strong></span> <span class='ocrx_word' id='word_1_40' title='bbox 1015 928 1090 971; x_wconf 88' lang='lat' dir='ltr'><strong>suae</strong></span> <span class='ocrx_word' id='word_1_41' title='bbox 1117 905 1246 992; x_wconf 84' lang='lat' dir='ltr'><strong>regredi</strong></span> 
     </span>
     <span class='ocr_line' id='line_1_7' title="bbox 120 988 1245 1089; baseline 0.001 -36"><span class='ocrx_word' id='word_1_42' title='bbox 120 989 227 1073; x_wconf 89' lang='lat' dir='ltr'><strong>vellet,</strong></span> <span class='ocrx_word' id='word_1_43' title='bbox 272 992 381 1056; x_wconf 84' lang='lat' dir='ltr'><strong>uidam</strong></span> <span class='ocrx_word' id='word_1_44' title='bbox 396 990 552 1056; x_wconf 91' lang='lat' dir='ltr'><strong>maliciosi</strong></span> <span class='ocrx_word' id='word_1_45' title='bbox 574 991 607 1054; x_wconf 92' lang='lat' dir='ltr'><strong>in</strong></span> <span class='ocrx_word' id='word_1_46' title='bbox 625 988 772 1076; x_wconf 89' lang='lat' dir='ltr'><strong>partibus</strong></span> <span class='ocrx_word' id='word_1_47' title='bbox 786 989 913 1070; x_wconf 91' lang='lat' dir='ltr'><strong>Hassie,</strong></span> <span class='ocrx_word' id='word_1_48' title='bbox 935 992 1019 1054; x_wconf 89' lang='lat' dir='ltr'><strong>inter</strong></span> <span class='ocrx_word' id='word_1_49' title='bbox 1039 1011 1120 1076; x_wconf 93' lang='lat' dir='ltr'><strong>quoe</strong></span> <span class='ocrx_word' id='word_1_50' title='bbox 1136 991 1245 1089; x_wconf 85' lang='lat' dir='ltr'><strong>primi-</strong></span> 
     </span>
     <span class='ocr_line' id='line_1_8' title="bbox 120 1073 1245 1159; baseline 0.001 -22"><span class='ocrx_word' id='word_1_51' title='bbox 120 1075 226 1139; x_wconf 90' lang='lat' dir='ltr'><strong>cerius</strong></span> <span class='ocrx_word' id='word_1_52' title='bbox 283 1077 307 1140; x_wconf 88' lang='lat' dir='ltr'><strong>it</strong></span> <span class='ocrx_word' id='word_1_53' title='bbox 329 1075 499 1140; x_wconf 86' lang='lat' dir='ltr'><strong>comoedo</strong></span> <span class='ocrx_word' id='word_1_54' title='bbox 521 1073 692 1156; x_wconf 84' lang='lat' dir='ltr'><strong>Waldeck,</strong></span> <span class='ocrx_word' id='word_1_55' title='bbox 721 1073 856 1138; x_wconf 82' lang='lat' dir='ltr'><strong>insidias</strong></span> <span class='ocrx_word' id='word_1_56' title='bbox 878 1073 941 1138; x_wconf 84' lang='lat' dir='ltr'><strong>sibi</strong></span> <span class='ocrx_word' id='word_1_57' title='bbox 961 1073 1115 1154; x_wconf 86' lang='lat' dir='ltr'><strong>fecerunt,</strong></span> <span class='ocrx_word' id='word_1_58' title='bbox 1137 1095 1245 1159; x_wconf 86' lang='lat' dir='ltr'><strong>speum</strong></span> 
     </span>
     <span class='ocr_line' id='line_1_9' title="bbox 121 1156 1247 1245; baseline -0.002 -21"><span class='ocrx_word' id='word_1_59' title='bbox 121 1180 249 1245; x_wconf 91' lang='lat' dir='ltr'><strong>quoque</strong></span> <span class='ocrx_word' id='word_1_60' title='bbox 265 1169 376 1224; x_wconf 91' lang='lat' dir='ltr'><strong>contra</strong></span> <span class='ocrx_word' id='word_1_61' title='bbox 386 1177 517 1224; x_wconf 78' lang='lat' dir='ltr'><strong>ornnem</strong></span> <span class='ocrx_word' id='word_1_62' title='bbox 532 1159 693 1223; x_wconf 80' lang='lat' dir='ltr'><strong>iusticiam</strong></span> <span class='ocrx_word' id='word_1_63' title='bbox 710 1157 898 1223; x_wconf 89' lang='lat' dir='ltr'><strong>occiderunt</strong></span> <span class='ocrx_word' id='word_1_64' title='bbox 913 1156 1096 1244; x_wconf 84' lang='lat' dir='ltr'><strong>multosque</strong></span> <span class='ocrx_word' id='word_1_65' title='bbox 1109 1157 1247 1222; x_wconf 84' lang='lat' dir='ltr'><strong>letaliter</strong></span> 
     </span>
    </p>

    <p class='ocr_par' dir='ltr' id='par_1_4' title="bbox 33 1241 1246 1558">
     <span class='ocr_line' id='line_1_10' title="bbox 33 1241 1246 1327; baseline -0.001 -19"><span class='ocrx_word' id='word_1_66' title='bbox 33 1302 36 1308; x_wconf 92' lang='grc'><em>,</em></span> <span class='ocrx_word' id='word_1_67' title='bbox 119 1242 406 1326; x_wconf 80' lang='lat' dir='ltr'><strong>vulneraverunt13</strong></span> <span class='ocrx_word' id='word_1_68' title='bbox 433 1245 518 1308; x_wconf 89' lang='lat' dir='ltr'><strong>inter</strong></span> <span class='ocrx_word' id='word_1_69' title='bbox 566 1264 625 1308; x_wconf 91' lang='lat' dir='ltr'><strong>uos</strong></span> <span class='ocrx_word' id='word_1_70' title='bbox 654 1243 757 1307; x_wconf 90' lang='lat' dir='ltr'><strong>eciam</strong></span> <span class='ocrx_word' id='word_1_71' title='bbox 784 1243 846 1307; x_wconf 87' lang='lat' dir='ltr'><strong>fuit</strong></span> <span class='ocrx_word' id='word_1_72' title='bbox 872 1243 1044 1327; x_wconf 88' lang='lat' dir='ltr'><strong>episcopus</strong></span> <span class='ocrx_word' id='word_1_73' title='bbox 1072 1241 1246 1307; x_wconf 88' lang='lat' dir='ltr'><strong>Verdensis</strong></span> 
     </span>
     <span class='ocr_line' id='line_1_11' title="bbox 121 1264 1246 1411; baseline 0.001 -22"><span class='ocrx_word' id='word_1_74' title='bbox 121 1325 271 1391; x_wconf 89' lang='lat' dir='ltr'><strong>dominus</strong></span> <span class='ocrx_word' id='word_1_75' title='bbox 302 1325 471 1392; x_wconf 79' lang='lat' dir='ltr'><strong>Corradus</strong></span> <span class='ocrx_word' id='word_1_76' title='bbox 501 1264 604 1408; x_wconf 76' lang='lat' dir='ltr'><strong>Sallu,</strong></span> <span class='ocrx_word' id='word_1_77' title='bbox 634 1346 771 1411; x_wconf 87' lang='lat' dir='ltr'><strong>magnus</strong></span> <span class='ocrx_word' id='word_1_78' title='bbox 799 1328 953 1411; x_wconf 84' lang='lat' dir='ltr'><strong>magister</strong></span> <span class='ocrx_word' id='word_1_79' title='bbox 983 1336 1015 1390; x_wconf 91' lang='lat' dir='ltr'><strong>et</strong></span> <span class='ocrx_word' id='word_1_80' title='bbox 1044 1325 1212 1411; x_wconf 85' lang='lat' dir='ltr'><strong>theologus</strong></span> <span class='ocrx_word' id='word_1_81' title='bbox 1222 1337 1246 1390; x_wconf 88' lang='lat'><strong>².</strong></span> 
     </span>
     <span class='ocr_line' id='line_1_12' title="bbox 122 1408 1246 1558; baseline 0.001 -83"><span class='ocrx_word' id='word_1_82' title='bbox 122 1408 245 1475; x_wconf 89' lang='lat' dir='ltr'><strong>Omnes</strong></span> <span class='ocrx_word' id='word_1_83' title='bbox 274 1433 336 1495; x_wconf 86' lang='lat' dir='ltr'><strong>res,</strong></span> <span class='ocrx_word' id='word_1_84' title='bbox 365 1434 382 1475; x_wconf 89' lang='lat' dir='ltr'><strong>e</strong></span> <span class='ocrx_word' id='word_1_85' title='bbox 407 1433 476 1493; x_wconf 89' lang='lat' dir='ltr'><strong>uos,</strong></span> <span class='ocrx_word' id='word_1_86' title='bbox 500 1410 658 1558; x_wconf 75' lang='lat' dir='ltr'><strong>pecunias</strong></span> <span class='ocrx_word' id='word_1_87' title='bbox 683 1411 716 1474; x_wconf 90' lang='lat' dir='ltr'><strong>vi</strong></span> <span class='ocrx_word' id='word_1_88' title='bbox 737 1421 940 1495; x_wconf 88' lang='lat' dir='ltr'><strong>receperunt,</strong></span> <span class='ocrx_word' id='word_1_89' title='bbox 973 1408 1074 1476; x_wconf 91' lang='lat' dir='ltr'><strong>nichil</strong></span> <span class='ocrx_word' id='word_1_90' title='bbox 1097 1411 1246 1476; x_wconf 89' lang='lat' dir='ltr'><strong>omnibus</strong></span> 
     </span>
    </p>

    <p class='ocr_par' dir='ltr' id='par_1_5' title="bbox 18 1433 1247 1748">
     <span class='ocr_line' id='line_1_13' title="bbox 18 1433 1246 1580; baseline 0.002 -22"><span class='ocrx_word' id='word_1_91' title='bbox 18 1507 24 1522; x_wconf 65' lang='grc'><strong>’“</strong></span> <span class='ocrx_word' id='word_1_92' title='bbox 119 1493 348 1580; x_wconf 87' lang='lat' dir='ltr'><strong>relinquentes.</strong></span> <span class='ocrx_word' id='word_1_93' title='bbox 384 1433 431 1560; x_wconf 80' lang='lat' dir='ltr'><strong>ln</strong></span> <span class='ocrx_word' id='word_1_94' title='bbox 460 1516 498 1560; x_wconf 90' lang='lat' dir='ltr'><strong>ea</strong></span> <span class='ocrx_word' id='word_1_95' title='bbox 522 1517 573 1559; x_wconf 90' lang='lat' dir='ltr'><strong>em</strong></span> <span class='ocrx_word' id='word_1_96' title='bbox 601 1485 920 1580; x_wconf 44' lang='lat' dir='ltr'><strong>comitivasscaptus</strong></span> <span class='ocrx_word' id='word_1_97' title='bbox 942 1504 991 1558; x_wconf 87' lang='lat' dir='ltr'><strong>est</strong></span> <span class='ocrx_word' id='word_1_98' title='bbox 1012 1494 1246 1580; x_wconf 12' lang='lat' dir='ltr'><strong>duvaaxonie</strong></span> 
     </span>
     <span class='ocr_line' id='line_1_14' title="bbox 121 1575 1246 1664; baseline 0.002 -21"><span class='ocrx_word' id='word_1_99' title='bbox 121 1577 294 1643; x_wconf 89' lang='lat' dir='ltr'><strong>electorum</strong></span> <span class='ocrx_word' id='word_1_100' title='bbox 318 1589 433 1663; x_wconf 80' lang='lat' dir='ltr'><strong>unus³,</strong></span> <span class='ocrx_word' id='word_1_101' title='bbox 463 1588 494 1644; x_wconf 82' lang='lat' dir='ltr'><strong>et</strong></span> <span class='ocrx_word' id='word_1_102' title='bbox 538 1599 612 1642; x_wconf 90' lang='lat' dir='ltr'><strong>uam</strong></span> <span class='ocrx_word' id='word_1_103' title='bbox 637 1577 746 1663; x_wconf 88' lang='lat' dir='ltr'><strong>plures</strong></span> <span class='ocrx_word' id='word_1_104' title='bbox 773 1575 845 1660; x_wconf 83' lang='lat' dir='ltr'><strong>alii3</strong></span> <span class='ocrx_word' id='word_1_105' title='bbox 869 1600 950 1664; x_wconf 93' lang='lat' dir='ltr'><strong>quos</strong></span> <span class='ocrx_word' id='word_1_106' title='bbox 972 1588 1079 1642; x_wconf 86' lang='lat' dir='ltr'><strong>tamen</strong></span> <span class='ocrx_word' id='word_1_107' title='bbox 1101 1577 1246 1645; x_wconf 77' lang='lat' dir='ltr'><strong>ultimate</strong></span> 
     </span>
     <span class='ocr_line' id='line_1_15' title="bbox 120 1601 1247 1748; baseline 0 -20"><span class='ocrx_word' id='word_1_108' title='bbox 120 1663 271 1728; x_wconf 87' lang='lat' dir='ltr'><strong>dominus</strong></span> <span class='ocrx_word' id='word_1_109' title='bbox 286 1662 444 1728; x_wconf 90' lang='lat' dir='ltr'><strong>Iohannes</strong></span> <span class='ocrx_word' id='word_1_110' title='bbox 460 1663 500 1728; x_wconf 88' lang='lat' dir='ltr'><strong>de</strong></span> <span class='ocrx_word' id='word_1_111' title='bbox 514 1601 648 1728; x_wconf 75' lang='lat' dir='ltr'><strong>llassew</strong></span> <span class='ocrx_word' id='word_1_112' title='bbox 662 1662 924 1748; x_wconf 78' lang='lat' dir='ltr'><strong>archiepiscopus</strong></span> <span class='ocrx_word' id='word_1_113' title='bbox 938 1661 1156 1746; x_wconf 76' lang='lat' dir='ltr'><strong>Mogentiana</strong></span> <span class='ocrx_word' id='word_1_114' title='bbox 1171 1662 1247 1728; x_wconf 87' lang='lat' dir='ltr'><strong>fecit</strong></span> 
     </span>
    </p>

    <p class='ocr_par' dir='ltr' id='par_1_6' title="bbox 17 1729 839 1832">
     <span class='ocr_line' id='line_1_16' title="bbox 17 1729 839 1832; baseline -0.005 -16"><span class='ocrx_word' id='word_1_115' title='bbox 17 1783 18 1816; x_wconf 54' lang='lat'>4</span> <span class='ocrx_word' id='word_1_116' title='bbox 119 1746 249 1829; x_wconf 88' lang='lat' dir='ltr'><strong>liberos,</strong></span> <span class='ocrx_word' id='word_1_117' title='bbox 271 1729 488 1813; x_wconf 57' lang='lat' dir='ltr'><strong>sementinum</strong></span> <span class='ocrx_word' id='word_1_118' title='bbox 510 1745 607 1812; x_wconf 92' lang='lat' dir='ltr'><strong>rebus</strong></span> <span class='ocrx_word' id='word_1_119' title='bbox 628 1747 763 1832; x_wconf 90' lang='lat' dir='ltr'><strong>perditis</strong></span> <span class='ocrx_word' id='word_1_120' title='bbox 771 1755 831 1812; x_wconf 40' lang='grc' dir='ltr'><strong>*ἰν</strong></span> <span class='ocrx_word' id='word_1_121' title='bbox 834 1755 839 1761; x_wconf 88' lang='grc'><em>“</em></span> 
     </span>
    </p>

    <p class='ocr_par' dir='ltr' id='par_1_7' title="bbox 205 1828 1354 1915">
     <span class='ocr_line' id='line_1_17' title="bbox 205 1828 1354 1915; baseline 0.002 -19"><span class='ocrx_word' id='word_1_122' title='bbox 205 1831 288 1896; x_wconf 86' lang='lat' dir='ltr'><strong>Item</strong></span> <span class='ocrx_word' id='word_1_123' title='bbox 316 1852 400 1896; x_wconf 90' lang='lat' dir='ltr'><strong>anno</strong></span> <span class='ocrx_word' id='word_1_124' title='bbox 432 1833 514 1896; x_wconf 90' lang='grc'>1400</span> <span class='ocrx_word' id='word_1_125' title='bbox 541 1832 574 1895; x_wconf 92' lang='lat' dir='ltr'><strong>in</strong></span> <span class='ocrx_word' id='word_1_126' title='bbox 603 1831 685 1896; x_wconf 85' lang='lat' dir='ltr'><strong>festo</strong></span> <span class='ocrx_word' id='word_1_127' title='bbox 707 1831 810 1894; x_wconf 82' lang='lat' dir='ltr'><strong>sancti</strong></span> <span class='ocrx_word' id='word_1_128' title='bbox 831 1828 1002 1894; x_wconf 84' lang='lat' dir='ltr'><strong>Laurcncii</strong></span> <span class='ocrx_word' id='word_1_129' title='bbox 1022 1832 1183 1915; x_wconf 82' lang='lat' dir='ltr'><strong>martyris,</strong></span> <span class='ocrx_word' id='word_1_130' title='bbox 1211 1838 1247 1895; x_wconf 86' lang='lat' dir='ltr'><strong>ut</strong></span> <span class='ocrx_word' id='word_1_131' title='bbox 1255 1854 1310 1906; x_wconf 71' lang='lat' dir='ltr'><strong>sua.</strong></span> <span class='ocrx_word' id='word_1_132' title='bbox 1319 1855 1354 1898; x_wconf 84' lang='grc' dir='ltr'><strong>ιο.</strong></span> 
     </span>
    </p>

    <p class='ocr_par' dir='ltr' id='par_1_8' title="bbox 16 1911 1246 2015">
     <span class='ocr_line' id='line_1_18' title="bbox 16 1911 1246 2015; baseline -0.002 -35"><span class='ocrx_word' id='word_1_133' title='bbox 16 1953 17 2000; x_wconf 41' lang='lat' dir='ltr'><strong>p</strong></span> <span class='ocrx_word' id='word_1_134' title='bbox 121 1915 342 2015; x_wconf 82' lang='lat' dir='ltr'><strong>prescribitur,</strong></span> <span class='ocrx_word' id='word_1_135' title='bbox 357 1916 520 2000; x_wconf 88' lang='lat' dir='ltr'><strong>principes</strong></span> <span class='ocrx_word' id='word_1_136' title='bbox 535 1915 689 1980; x_wconf 86' lang='lat' dir='ltr'><strong>electores</strong></span> <span class='ocrx_word' id='word_1_137' title='bbox 703 1915 738 1978; x_wconf 91' lang='lat' dir='ltr'><strong>in</strong></span> <span class='ocrx_word' id='word_1_138' title='bbox 752 1914 906 1980; x_wconf 88' lang='lat' dir='ltr'><strong>Lonstein</strong></span> <span class='ocrx_word' id='word_1_139' title='bbox 921 1915 1000 1980; x_wconf 89' lang='lat' dir='ltr'><strong>etin</strong></span> <span class='ocrx_word' id='word_1_140' title='bbox 1015 1911 1096 1978; x_wconf 92' lang='lat' dir='ltr'><strong>locis</strong></span> <span class='ocrx_word' id='word_1_141' title='bbox 1111 1916 1246 1978; x_wconf 87' lang='lat' dir='ltr'><strong>circum-</strong></span> 
     </span>
    </p>

    <p class='ocr_par' dir='ltr' id='par_1_9' title="bbox 16 1997 1247 2099">
     <span class='ocr_line' id='line_1_19' title="bbox 16 1997 1247 2099; baseline -0.002 -35"><span class='ocrx_word' id='word_1_142' title='bbox 16 2001 17 2064; x_wconf 69' lang='lat'>}</span> <span class='ocrx_word' id='word_1_143' title='bbox 120 1998 299 2064; x_wconf 81' lang='lat' dir='ltr'><strong>iacentibus</strong></span> <span class='ocrx_word' id='word_1_144' title='bbox 314 2009 532 2064; x_wconf 88' lang='lat' dir='ltr'><strong>convenerunt</strong></span> <span class='ocrx_word' id='word_1_145' title='bbox 546 2021 644 2099; x_wconf 89' lang='lat' dir='ltr'><strong>super</strong></span> <span class='ocrx_word' id='word_1_146' title='bbox 658 1999 814 2064; x_wconf 79' lang='lat' dir='ltr'><strong>electione</strong></span> <span class='ocrx_word' id='word_1_147' title='bbox 828 1999 906 2064; x_wconf 89' lang='lat' dir='ltr'><strong>novi</strong></span> <span class='ocrx_word' id='word_1_148' title='bbox 920 1999 1006 2084; x_wconf 88' lang='lat' dir='ltr'><strong>regis</strong></span> <span class='ocrx_word' id='word_1_149' title='bbox 1016 1997 1247 2080; x_wconf 89' lang='lat' dir='ltr'><strong>Romanorum,</strong></span> 
     </span>
    </p>

    <p class='ocr_par' dir='ltr' id='par_1_10' title="bbox 15 2081 1356 2336">
     <span class='ocr_line' id='line_1_20' title="bbox 16 2081 1246 2170; baseline -0.002 -22"><span class='ocrx_word' id='word_1_150' title='bbox 16 2087 17 2094; x_wconf 73' lang='grc'>’</span> <span class='ocrx_word' id='word_1_151' title='bbox 122 2082 211 2169; x_wconf 92' lang='lat' dir='ltr'><strong>quod</strong></span> <span class='ocrx_word' id='word_1_152' title='bbox 238 2093 347 2148; x_wconf 84' lang='lat' dir='ltr'><strong>tamen</strong></span> <span class='ocrx_word' id='word_1_153' title='bbox 376 2104 488 2149; x_wconf 90' lang='lat' dir='ltr'><strong>omnes</strong></span> <span class='ocrx_word' id='word_1_154' title='bbox 514 2082 676 2165; x_wconf 89' lang='lat' dir='ltr'><strong>hommes,</strong></span> <span class='ocrx_word' id='word_1_155' title='bbox 712 2082 819 2148; x_wconf 84' lang='lat' dir='ltr'><strong>saltim</strong></span> <span class='ocrx_word' id='word_1_156' title='bbox 848 2084 904 2170; x_wconf 91' lang='lat' dir='ltr'><strong>qui</strong></span> <span class='ocrx_word' id='word_1_157' title='bbox 934 2104 1001 2147; x_wconf 92' lang='lat' dir='ltr'><strong>non</strong></span> <span class='ocrx_word' id='word_1_158' title='bbox 1029 2081 1246 2147; x_wconf 64' lang='lat' dir='ltr'><strong>desnensilio</strong></span> 
     </span>
     <span class='ocr_line' id='line_1_21' title="bbox 122 2165 1247 2265; baseline 0.001 -35"><span class='ocrx_word' id='word_1_159' title='bbox 122 2169 307 2253; x_wconf 90' lang='lat' dir='ltr'><strong>principum</strong></span> <span class='ocrx_word' id='word_1_160' title='bbox 335 2166 479 2248; x_wconf 86' lang='lat' dir='ltr'><strong>fuerunt,</strong></span> <span class='ocrx_word' id='word_1_161' title='bbox 516 2187 619 2265; x_wconf 81' lang='lat' dir='ltr'><strong>usque</strong></span> <span class='ocrx_word' id='word_1_162' title='bbox 648 2169 681 2230; x_wconf 94' lang='lat' dir='ltr'><strong>in</strong></span> <span class='ocrx_word' id='word_1_163' title='bbox 710 2167 797 2231; x_wconf 92' lang='lat' dir='ltr'><strong>idem</strong></span> <span class='ocrx_word' id='word_1_164' title='bbox 825 2175 954 2252; x_wconf 88' lang='lat' dir='ltr'><strong>tempus</strong></span> <span class='ocrx_word' id='word_1_165' title='bbox 987 2165 1096 2248; x_wconf 81' lang='lat' dir='ltr'><strong>latuit3</strong></span> <span class='ocrx_word' id='word_1_166' title='bbox 1126 2176 1159 2232; x_wconf 89' lang='lat' dir='ltr'><strong>et</strong></span> <span class='ocrx_word' id='word_1_167' title='bbox 1194 2167 1247 2231; x_wconf 87' lang='lat' dir='ltr'><strong>die</strong></span> 
     </span>
     <span class='ocr_line' id='line_1_22' title="bbox 121 2249 1356 2336; baseline 0.004 -19.605"><span class='ocrx_word' id='word_1_168' title='bbox 121 2252 276 2316; x_wconf 87' lang='lat' dir='ltr'><strong>vicesima</strong></span> <span class='ocrx_word' id='word_1_169' title='bbox 296 2251 415 2316; x_wconf 84' lang='lat' dir='ltr'><strong>mensis</strong></span> <span class='ocrx_word' id='word_1_170' title='bbox 437 2249 590 2334; x_wconf 79' lang='lat' dir='ltr'><strong>Augusti,</strong></span> <span class='ocrx_word' id='word_1_171' title='bbox 614 2273 696 2336; x_wconf 90' lang='lat' dir='ltr'><strong>quae</strong></span> <span class='ocrx_word' id='word_1_172' title='bbox 714 2259 853 2336; x_wconf 91' lang='lat' dir='ltr'><strong>protunc</strong></span> <span class='ocrx_word' id='word_1_173' title='bbox 873 2249 936 2314; x_wconf 85' lang='lat' dir='ltr'><strong>fuit</strong></span> <span class='ocrx_word' id='word_1_174' title='bbox 955 2251 1038 2314; x_wconf 86' lang='lat' dir='ltr'><strong>feria</strong></span> <span class='ocrx_word' id='word_1_175' title='bbox 1059 2259 1153 2315; x_wconf 87' lang='lat' dir='ltr'><strong>sexta</strong></span> <span class='ocrx_word' id='word_1_176' title='bbox 1173 2260 1356 2336; x_wconf 60' lang='lat' dir='ltr'><strong>postremo.</strong></span> 
     </span>
    </p>

    <p class='ocr_par' dir='ltr' id='par_1_11' title="bbox 15 2333 1248 2419">
     <span class='ocr_line' id='line_1_23' title="bbox 15 2333 1248 2419; baseline 0.001 -22"><span class='ocrx_word' id='word_1_177' title='bbox 15 2343 28 2397; x_wconf 68' lang='lat' dir='ltr'><strong>i</strong></span> <span class='ocrx_word' id='word_1_178' title='bbox 122 2345 256 2400; x_wconf 87' lang='lat' dir='ltr'><strong>octavas</strong></span> <span class='ocrx_word' id='word_1_179' title='bbox 270 2336 373 2399; x_wconf 84' lang='lat' dir='ltr'><strong>sancti</strong></span> <span class='ocrx_word' id='word_1_180' title='bbox 386 2333 570 2414; x_wconf 88' lang='lat' dir='ltr'><strong>Laurenoii,</strong></span> <span class='ocrx_word' id='word_1_181' title='bbox 591 2334 757 2398; x_wconf 91' lang='lat' dir='ltr'><strong>dominum</strong></span> <span class='ocrx_word' id='word_1_182' title='bbox 773 2335 950 2419; x_wconf 88' lang='lat' dir='ltr'><strong>Rupertum</strong></span> <span class='ocrx_word' id='word_1_183' title='bbox 969 2334 1083 2398; x_wconf 89' lang='lat' dir='ltr'><strong>ducem</strong></span> <span class='ocrx_word' id='word_1_184' title='bbox 1100 2334 1248 2415; x_wconf 87' lang='lat' dir='ltr'><strong>Bavarie,</strong></span> 
     </span>
    </p>

    <p class='ocr_par' dir='ltr' id='par_1_12' title="bbox 14 2417 1354 2511">
     <span class='ocr_line' id='line_1_24' title="bbox 14 2417 1354 2511; baseline -0.004 -27"><span class='ocrx_word' id='word_1_185' title='bbox 14 2449 15 2456; x_wconf 45' lang='lat'>¹</span> <span class='ocrx_word' id='word_1_186' title='bbox 121 2418 262 2484; x_wconf 90' lang='lat' dir='ltr'><strong>nobilem</strong></span> <span class='ocrx_word' id='word_1_187' title='bbox 286 2418 501 2504; x_wconf 85' lang='lat' dir='ltr'><strong>approbatum</strong></span> <span class='ocrx_word' id='word_1_188' title='bbox 517 2419 635 2500; x_wconf 85' lang='lat' dir='ltr'><strong>virum,</strong></span> <span class='ocrx_word' id='word_1_189' title='bbox 658 2418 878 2511; x_wconf 67' lang='lat' dir='ltr'><strong>‘principem‘1</strong></span> <span class='ocrx_word' id='word_1_190' title='bbox 893 2417 1064 2483; x_wconf 90' lang='lat' dir='ltr'><strong>electorem</strong></span> <span class='ocrx_word' id='word_1_191' title='bbox 1082 2420 1116 2481; x_wconf 90' lang='lat' dir='ltr'><strong>in</strong></span> <span class='ocrx_word' id='word_1_192' title='bbox 1131 2417 1291 2488; x_wconf 66' lang='lat' dir='ltr'><strong>Roma-ss.</strong></span> <span class='ocrx_word' id='word_1_193' title='bbox 1303 2437 1354 2479; x_wconf 83' lang='lat' dir='ltr'><strong>sss.</strong></span> 
     </span>
    </p>

    <p class='ocr_par' dir='ltr' id='par_1_13' title="bbox 14 2488 1248 2672">
     <span class='ocr_line' id='line_1_25' title="bbox 14 2488 1246 2601; baseline -0.002 -34"><span class='ocrx_word' id='word_1_194' title='bbox 14 2575 15 2578; x_wconf 8' lang='grc' dir='ltr'><strong>Ἴ</strong></span> <span class='ocrx_word' id='word_1_195' title='bbox 121 2525 198 2568; x_wconf 91' lang='lat' dir='ltr'><strong>num</strong></span> <span class='ocrx_word' id='word_1_196' title='bbox 225 2525 334 2588; x_wconf 87' lang='lat' dir='ltr'><strong>regem</strong></span> <span class='ocrx_word' id='word_1_197' title='bbox 366 2502 561 2567; x_wconf 82' lang='lat' dir='ltr'><strong>unanimiter</strong></span> <span class='ocrx_word' id='word_1_198' title='bbox 589 2512 781 2569; x_wconf 86' lang='lat' dir='ltr'><strong>creaverunt</strong></span> <span class='ocrx_word' id='word_1_199' title='bbox 810 2503 918 2588; x_wconf 90' lang='lat' dir='ltr'><strong>ipsum</strong></span> <span class='ocrx_word' id='word_1_200' title='bbox 940 2523 981 2566; x_wconf 91' lang='lat' dir='ltr'><strong>ue</strong></span> <span class='ocrx_word' id='word_1_201' title='bbox 1010 2488 1107 2601; x_wconf 74' lang='lat' dir='ltr'><strong>iuper</strong></span> <span class='ocrx_word' id='word_1_202' title='bbox 1137 2501 1246 2566; x_wconf 86' lang='lat' dir='ltr'><strong>sedem</strong></span> 
     </span>
     <span class='ocr_line' id='line_1_26' title="bbox 122 2523 1248 2672; baseline -0.004 -18"><span class='ocrx_word' id='word_1_203' title='bbox 122 2609 213 2654; x_wconf 86' lang='lat' dir='ltr'><strong>suam</strong></span> <span class='ocrx_word' id='word_1_204' title='bbox 234 2589 269 2651; x_wconf 95' lang='lat' dir='ltr'><strong>in</strong></span> <span class='ocrx_word' id='word_1_205' title='bbox 283 2588 370 2652; x_wconf 86' lang='lat' dir='ltr'><strong>Rene</strong></span> <span class='ocrx_word' id='word_1_206' title='bbox 386 2585 588 2652; x_wconf 92' lang='lat' dir='ltr'><strong>concorditer</strong></span> <span class='ocrx_word' id='word_1_207' title='bbox 609 2596 642 2652; x_wconf 85' lang='lat' dir='ltr'><strong>et</strong></span> <span class='ocrx_word' id='word_1_208' title='bbox 662 2585 848 2670; x_wconf 89' lang='lat' dir='ltr'><strong>honorifice,</strong></span> <span class='ocrx_word' id='word_1_209' title='bbox 870 2594 906 2650; x_wconf 87' lang='lat' dir='ltr'><strong>ut</strong></span> <span class='ocrx_word' id='word_1_210' title='bbox 918 2523 1009 2651; x_wconf 73' lang='lat' dir='ltr'><strong>bene</strong></span> <span class='ocrx_word' id='word_1_211' title='bbox 1030 2585 1147 2672; x_wconf 82' lang='lat' dir='ltr'><strong>dignus</strong></span> <span class='ocrx_word' id='word_1_212' title='bbox 1169 2595 1248 2669; x_wconf 90' lang='lat' dir='ltr'><strong>erat,</strong></span> 
     </span>
    </p>
   </div>
   <div class='ocr_carea' id='block_1_3' title="bbox 14 2667 1323 3262">
    <p class='ocr_par' dir='ltr' id='par_1_14' title="bbox 14 2667 1323 3262">
     <span class='ocr_line' id='line_1_27' title="bbox 147 2667 1247 2757; baseline -0.002 -21"><span class='ocrx_word' id='word_1_213' title='bbox 147 2681 309 2752; x_wconf 81' lang='lat' dir='ltr'><strong>osuerunt,</strong></span> <span class='ocrx_word' id='word_1_214' title='bbox 332 2672 459 2757; x_wconf 89' lang='lat' dir='ltr'><strong>sibique</strong></span> <span class='ocrx_word' id='word_1_215' title='bbox 480 2679 516 2734; x_wconf 89' lang='lat' dir='ltr'><strong>ut</strong></span> <span class='ocrx_word' id='word_1_216' title='bbox 536 2673 607 2756; x_wconf 86' lang='lat' dir='ltr'><strong>regi</strong></span> <span class='ocrx_word' id='word_1_217' title='bbox 623 2671 843 2736; x_wconf 88' lang='lat' dir='ltr'><strong>Romanorum</strong></span> <span class='ocrx_word' id='word_1_218' title='bbox 864 2667 1005 2736; x_wconf 85' lang='lat' dir='ltr'><strong>debitam</strong></span> <span class='ocrx_word' id='word_1_219' title='bbox 1027 2672 1247 2736; x_wconf 82' lang='lat' dir='ltr'><strong>reverenciam</strong></span> 
     </span>
     <span class='ocr_line' id='line_1_28' title="bbox 122 2693 1248 2840; baseline -0.001 -20"><span class='ocrx_word' id='word_1_220' title='bbox 122 2693 277 2836; x_wconf 77' lang='lat' dir='ltr'><strong>lecerunt,</strong></span> <span class='ocrx_word' id='word_1_221' title='bbox 308 2755 427 2820; x_wconf 87' lang='lat' dir='ltr'><strong>habitis</strong></span> <span class='ocrx_word' id='word_1_222' title='bbox 448 2765 555 2820; x_wconf 90' lang='lat' dir='ltr'><strong>tamen</strong></span> <span class='ocrx_word' id='word_1_223' title='bbox 578 2756 668 2840; x_wconf 88' lang='lat' dir='ltr'><strong>prius</strong></span> <span class='ocrx_word' id='word_1_224' title='bbox 690 2755 839 2820; x_wconf 90' lang='lat' dir='ltr'><strong>omnibus</strong></span> <span class='ocrx_word' id='word_1_225' title='bbox 861 2753 1116 2819; x_wconf 86' lang='lat' dir='ltr'><strong>sollennitstibus</strong></span> <span class='ocrx_word' id='word_1_226' title='bbox 1138 2755 1248 2840; x_wconf 88' lang='lat' dir='ltr'><strong>priva-</strong></span> 
     </span>
     <span class='ocr_line' id='line_1_29' title="bbox 123 2838 1247 2925; baseline -0.003 -20"><span class='ocrx_word' id='word_1_227' title='bbox 123 2840 220 2905; x_wconf 88' lang='lat' dir='ltr'><strong>tionis</strong></span> <span class='ocrx_word' id='word_1_228' title='bbox 243 2839 284 2904; x_wconf 90' lang='lat' dir='ltr'><strong>ds</strong></span> <span class='ocrx_word' id='word_1_229' title='bbox 298 2863 374 2925; x_wconf 88' lang='lat' dir='ltr'><strong>rege</strong></span> <span class='ocrx_word' id='word_1_230' title='bbox 390 2838 607 2924; x_wconf 74' lang='lat' dir='ltr'><strong>Wentzelilao,</strong></span> <span class='ocrx_word' id='word_1_231' title='bbox 629 2861 705 2924; x_wconf 85' lang='lat' dir='ltr'><strong>rege</strong></span> <span class='ocrx_word' id='word_1_232' title='bbox 720 2839 886 2920; x_wconf 86' lang='lat' dir='ltr'><strong>Bobemie,</strong></span> <span class='ocrx_word' id='word_1_233' title='bbox 908 2847 1003 2904; x_wconf 86' lang='lat' dir='ltr'><strong>antea</strong></span> <span class='ocrx_word' id='word_1_234' title='bbox 1017 2839 1247 2921; x_wconf 87' lang='lat' dir='ltr'><strong>Romanorum,</strong></span> 
     </span>
     <span class='ocr_line' id='line_1_30' title="bbox 124 2922 1267 3010; baseline -0.003 -22"><span class='ocrx_word' id='word_1_235' title='bbox 124 2923 182 2988; x_wconf 90' lang='lat' dir='ltr'><strong>sed</strong></span> <span class='ocrx_word' id='word_1_236' title='bbox 209 2945 296 2988; x_wconf 92' lang='lat' dir='ltr'><strong>nunc</strong></span> <span class='ocrx_word' id='word_1_237' title='bbox 324 2925 459 3010; x_wconf 87' lang='lat' dir='ltr'><strong>privato.</strong></span> <span class='ocrx_word' id='word_1_238' title='bbox 501 2923 541 2988; x_wconf 92' lang='lat' dir='ltr'><strong>In</strong></span> <span class='ocrx_word' id='word_1_239' title='bbox 562 2924 674 2989; x_wconf 89' lang='lat' dir='ltr'><strong>eadem</strong></span> <span class='ocrx_word' id='word_1_240' title='bbox 703 2925 884 3010; x_wconf 87' lang='lat' dir='ltr'><strong>privatione</strong></span> <span class='ocrx_word' id='word_1_241' title='bbox 905 2923 1071 3009; x_wconf 80' lang='lat' dir='ltr'><strong>principes</strong></span> <span class='ocrx_word' id='word_1_242' title='bbox 1093 2922 1267 2988; x_wconf 86' lang='lat' dir='ltr'><strong>electores.</strong></span> 
     </span>
     <span class='ocr_line' id='line_1_31' title="bbox 14 3005 1323 3093; baseline -0.002 -20"><span class='ocrx_word' id='word_1_243' title='bbox 14 3031 16 3036; x_wconf 92' lang='lat'>·</span> <span class='ocrx_word' id='word_1_244' title='bbox 123 3007 274 3074; x_wconf 89' lang='lat' dir='ltr'><strong>undecim</strong></span> <span class='ocrx_word' id='word_1_245' title='bbox 295 3007 446 3072; x_wconf 85' lang='lat' dir='ltr'><strong>articulos</strong></span> <span class='ocrx_word' id='word_1_246' title='bbox 469 3007 647 3073; x_wconf 89' lang='lat' dir='ltr'><strong>obiectivoe</strong></span> <span class='ocrx_word' id='word_1_247' title='bbox 668 3019 780 3074; x_wconf 90' lang='lat' dir='ltr'><strong>contra</strong></span> <span class='ocrx_word' id='word_1_248' title='bbox 804 3005 941 3072; x_wconf 89' lang='lat' dir='ltr'><strong>eundem</strong></span> <span class='ocrx_word' id='word_1_249' title='bbox 963 3008 1125 3093; x_wconf 89' lang='lat' dir='ltr'><strong>privatum</strong></span> <span class='ocrx_word' id='word_1_250' title='bbox 1148 3005 1248 3071; x_wconf 91' lang='lat' dir='ltr'><strong>habu·</strong></span> <span class='ocrx_word' id='word_1_251' title='bbox 1318 3068 1323 3083; x_wconf 71' lang='grc'><strong>,</strong></span> 
     </span>
     <span class='ocr_line' id='line_1_32' title="bbox 123 3080 1323 3192; baseline -0.001 -36"><span class='ocrx_word' id='word_1_252' title='bbox 123 3101 227 3176; x_wconf 86' lang='lat' dir='ltr'><strong>erunt,</strong></span> <span class='ocrx_word' id='word_1_253' title='bbox 276 3114 391 3156; x_wconf 89' lang='lat' dir='ltr'><strong>uorum</strong></span> <span class='ocrx_word' id='word_1_254' title='bbox 413 3094 634 3179; x_wconf 91' lang='lat' dir='ltr'><strong>unusquisque</strong></span> <span class='ocrx_word' id='word_1_255' title='bbox 655 3091 698 3156; x_wconf 93' lang='lat' dir='ltr'><strong>ad</strong></span> <span class='ocrx_word' id='word_1_256' title='bbox 718 3093 952 3192; x_wconf 87' lang='lat' dir='ltr'><strong>depositionem</strong></span> <span class='ocrx_word' id='word_1_257' title='bbox 975 3080 1247 3176; x_wconf 73' lang='lat' dir='ltr'><strong>regni‘Romano-</strong></span> <span class='ocrx_word' id='word_1_258' title='bbox 1319 3088 1323 3099; x_wconf 84' lang='lat'>&#39;</span> 
     </span>
     <span class='ocr_line' id='line_1_33' title="bbox 123 3175 1247 3262; baseline -0.001 -22"><span class='ocrx_word' id='word_1_259' title='bbox 123 3198 195 3240; x_wconf 89' lang='lat' dir='ltr'><strong>rum</strong></span> <span class='ocrx_word' id='word_1_260' title='bbox 211 3199 250 3240; x_wconf 93' lang='lat' dir='ltr'><strong>su</strong></span> <span class='ocrx_word' id='word_1_261' title='bbox 287 3177 423 3246; x_wconf 80' lang='lat' dir='ltr'><strong>ciebat⁵.</strong></span> <span class='ocrx_word' id='word_1_262' title='bbox 468 3177 613 3257; x_wconf 81' lang='lat' dir='ltr'><strong>Quorum</strong></span> <span class='ocrx_word' id='word_1_263' title='bbox 629 3199 713 3242; x_wconf 87' lang='lat' dir='ltr'><strong>unus</strong></span> <span class='ocrx_word' id='word_1_264' title='bbox 727 3177 788 3242; x_wconf 82' lang='lat' dir='ltr'><strong>furt</strong></span> <span class='ocrx_word' id='word_1_265' title='bbox 802 3175 967 3251; x_wconf 86' lang='lat' dir='ltr'><strong>articulus,</strong></span> <span class='ocrx_word' id='word_1_266' title='bbox 983 3175 1070 3262; x_wconf 89' lang='lat' dir='ltr'><strong>quod</strong></span> <span class='ocrx_word' id='word_1_267' title='bbox 1084 3176 1247 3241; x_wconf 83' lang='lat' dir='ltr'><strong>civitatem</strong></span> 
     </span>
    </p>
   </div>
   <div class='ocr_carea' id='block_1_4' title="bbox 121 3348 1248 3460">
    <p class='ocr_par' dir='ltr' id='par_1_15' title="bbox 121 3348 1248 3460">
     <span class='ocr_line' id='line_1_34' title="bbox 124 3348 1248 3410; baseline 0 -20"><span class='ocrx_word' id='word_1_268' title='bbox 124 3348 148 3400; x_wconf 80' lang='lat' dir='ltr'><strong>a)</strong></span> <span class='ocrx_word' id='word_1_269' title='bbox 165 3350 278 3410; x_wconf 60' lang='lat' dir='ltr'><strong>comltyc.</strong></span> <span class='ocrx_word' id='word_1_270' title='bbox 321 3349 346 3400; x_wconf 89' lang='lat' dir='ltr'><strong>b)</strong></span> <span class='ocrx_word' id='word_1_271' title='bbox 361 3350 508 3400; x_wconf 75' lang='lat' dir='ltr'><strong>compeads&#39;ssm</strong></span> <span class='ocrx_word' id='word_1_272' title='bbox 522 3349 760 3400; x_wconf 60' lang='lat' dir='ltr'><strong>ambrosiastrum</strong></span> <span class='ocrx_word' id='word_1_273' title='bbox 773 3350 817 3394; x_wconf 83' lang='lat' dir='ltr'><strong>eise</strong></span> <span class='ocrx_word' id='word_1_274' title='bbox 827 3360 879 3390; x_wconf 85' lang='lat' dir='ltr'><strong>cum</strong></span> <span class='ocrx_word' id='word_1_275' title='bbox 893 3349 939 3390; x_wconf 80' lang='lat' dir='ltr'><strong>sius</strong></span> <span class='ocrx_word' id='word_1_276' title='bbox 950 3352 1037 3397; x_wconf 78' lang='lat' dir='ltr'><strong>temen,</strong></span> <span class='ocrx_word' id='word_1_277' title='bbox 1052 3350 1170 3390; x_wconf 61' lang='lat' dir='ltr'><strong>emendae</strong></span> <span class='ocrx_word' id='word_1_278' title='bbox 1178 3359 1248 3390; x_wconf 78' lang='lat' dir='ltr'><strong>casua</strong></span> 
     </span>
     <span class='ocr_line' id='line_1_35' title="bbox 121 3405 1246 3460; baseline 0.002 -12"><span class='ocrx_word' id='word_1_279' title='bbox 121 3409 220 3460; x_wconf 75' lang='lat' dir='ltr'><strong>praetuli</strong></span> <span class='ocrx_word' id='word_1_280' title='bbox 234 3420 281 3448; x_wconf 85' lang='lat' dir='ltr'><strong>cam</strong></span> <span class='ocrx_word' id='word_1_281' title='bbox 294 3407 324 3448; x_wconf 82' lang='lat' dir='ltr'><strong>W.</strong></span> <span class='ocrx_word' id='word_1_282' title='bbox 333 3413 420 3451; x_wconf 80' lang='lat' dir='ltr'><strong>tamen.</strong></span> <span class='ocrx_word' id='word_1_283' title='bbox 462 3407 483 3460; x_wconf 90' lang='lat' dir='ltr'><strong>c)</strong></span> <span class='ocrx_word' id='word_1_284' title='bbox 500 3409 529 3449; x_wconf 85' lang='lat' dir='ltr'><strong>de</strong></span> <span class='ocrx_word' id='word_1_285' title='bbox 544 3410 569 3449; x_wconf 81' lang='lat' dir='ltr'><strong>ia</strong></span> <span class='ocrx_word' id='word_1_286' title='bbox 583 3421 601 3450; x_wconf 85' lang='lat' dir='ltr'><strong>c.</strong></span> <span class='ocrx_word' id='word_1_287' title='bbox 617 3409 776 3458; x_wconf 70' lang='lat' dir='ltr'><strong>superpositam</strong></span> <span class='ocrx_word' id='word_1_288' title='bbox 786 3413 824 3452; x_wconf 81' lang='lat' dir='ltr'><strong>est.</strong></span> <span class='ocrx_word' id='word_1_289' title='bbox 865 3405 889 3460; x_wconf 84' lang='lat' dir='ltr'><strong>d)</strong></span> <span class='ocrx_word' id='word_1_290' title='bbox 904 3409 1022 3460; x_wconf 83' lang='lat' dir='ltr'><strong>principes</strong></span> <span class='ocrx_word' id='word_1_291' title='bbox 1038 3409 1167 3450; x_wconf 79' lang='lat' dir='ltr'><strong>electores?</strong></span> <span class='ocrx_word' id='word_1_292' title='bbox 1182 3408 1207 3449; x_wconf 76' lang='grc'><strong>0.</strong></span> <span class='ocrx_word' id='word_1_293' title='bbox 1214 3408 1246 3450; x_wconf 83' lang='lat' dir='ltr'><strong>W.</strong></span> 
     </span>
    </p>
   </div>
   <div class='ocr_carea' id='block_1_5' title="bbox 124 3553 1385 4433">
    <p class='ocr_par' dir='ltr' id='par_1_16' title="bbox 128 3553 1247 3624">
     <span class='ocr_line' id='line_1_36' title="bbox 128 3553 1247 3624; baseline 0.002 -18"><span class='ocrx_word' id='word_1_294' title='bbox 128 3555 156 3622; x_wconf 91' lang='lat'><strong>1)</strong></span> <span class='ocrx_word' id='word_1_295' title='bbox 175 3553 327 3608; x_wconf 82' lang='lat' dir='ltr'><strong>Relationes</strong></span> <span class='ocrx_word' id='word_1_296' title='bbox 356 3555 472 3606; x_wconf 74' lang='lat' dir='ltr'><strong>cicadam</strong></span> <span class='ocrx_word' id='word_1_297' title='bbox 496 3557 618 3621; x_wconf 82' lang='lat' dir='ltr'><strong>temporis</strong></span> <span class='ocrx_word' id='word_1_298' title='bbox 642 3556 675 3607; x_wconf 85' lang='lat' dir='ltr'><strong>de</strong></span> <span class='ocrx_word' id='word_1_299' title='bbox 694 3556 744 3607; x_wconf 80' lang='lat' dir='ltr'><strong>bac</strong></span> <span class='ocrx_word' id='word_1_300' title='bbox 768 3573 797 3608; x_wconf 84' lang='lat' dir='ltr'><strong>re</strong></span> <span class='ocrx_word' id='word_1_301' title='bbox 823 3557 897 3622; x_wconf 76' lang='lat' dir='ltr'><strong>opud</strong></span> <span class='ocrx_word' id='word_1_302' title='bbox 920 3555 1041 3608; x_wconf 80' lang='lat' dir='ltr'><strong>Fritrlar</strong></span> <span class='ocrx_word' id='word_1_303' title='bbox 1062 3562 1136 3624; x_wconf 74' lang='lat' dir='ltr'><strong>qesta</strong></span> <span class='ocrx_word' id='word_1_304' title='bbox 1160 3575 1186 3610; x_wconf 84' lang='lat' dir='ltr'><strong>o.</strong></span> <span class='ocrx_word' id='word_1_305' title='bbox 1217 3557 1247 3608; x_wconf 82' lang='lat' dir='ltr'><strong>irs</strong></span> 
     </span>
    </p>

    <p class='ocr_par' dir='ltr' id='par_1_17' title="bbox 125 3627 1247 3695">
     <span class='ocr_line' id='line_1_37' title="bbox 125 3627 1247 3695; baseline 0.001 -15"><span class='ocrx_word' id='word_1_306' title='bbox 125 3629 171 3682; x_wconf 83' lang='grc' dir='ltr'><strong>Ἰ).</strong></span> <span class='ocrx_word' id='word_1_307' title='bbox 184 3627 341 3692; x_wconf 78' lang='lat' dir='ltr'><strong>n.n.&#39;111,</strong></span> <span class='ocrx_word' id='word_1_308' title='bbox 356 3645 387 3694; x_wconf 83' lang='lat' dir='ltr'><strong>p.</strong></span> <span class='ocrx_word' id='word_1_309' title='bbox 401 3628 464 3680; x_wconf 80' lang='lat'>234.</span> <span class='ocrx_word' id='word_1_310' title='bbox 540 3627 569 3692; x_wconf 72' lang='lat'><strong>2)</strong></span> <span class='ocrx_word' id='word_1_311' title='bbox 590 3627 729 3680; x_wconf 75' lang='lat' dir='ltr'><strong>Corradus</strong></span> <span class='ocrx_word' id='word_1_312' title='bbox 748 3629 781 3681; x_wconf 82' lang='lat' dir='ltr'><strong>dc</strong></span> <span class='ocrx_word' id='word_1_313' title='bbox 794 3628 889 3681; x_wconf 73' lang='lat' dir='ltr'><strong>Soitaa</strong></span> <span class='ocrx_word' id='word_1_314' title='bbox 908 3629 986 3695; x_wconf 83' lang='lat' dir='ltr'><strong>episc.</strong></span> <span class='ocrx_word' id='word_1_315' title='bbox 1007 3629 1146 3681; x_wconf 80' lang='lat' dir='ltr'><strong>Verdeneis</strong></span> <span class='ocrx_word' id='word_1_316' title='bbox 1166 3639 1247 3681; x_wconf 83' lang='lat' dir='ltr'><strong>antea</strong></span> 
     </span>
    </p>

    <p class='ocr_par' dir='ltr' id='par_1_18' title="bbox 124 3702 1247 3770">
     <span class='ocr_line' id='line_1_38' title="bbox 124 3702 1247 3770; baseline 0 -16"><span class='ocrx_word' id='word_1_317' title='bbox 124 3719 199 3754; x_wconf 88' lang='lat' dir='ltr'><strong>sacre</strong></span> <span class='ocrx_word' id='word_1_318' title='bbox 226 3703 362 3768; x_wconf 76' lang='lat' dir='ltr'><strong>theologie</strong></span> <span class='ocrx_word' id='word_1_319' title='bbox 390 3703 536 3768; x_wconf 83' lang='lat' dir='ltr'><strong>professor,</strong></span> <span class='ocrx_word' id='word_1_320' title='bbox 570 3703 746 3753; x_wconf 81' lang='lat' dir='ltr'><strong>cancellarius</strong></span> <span class='ocrx_word' id='word_1_321' title='bbox 775 3703 969 3770; x_wconf 85' lang='lat' dir='ltr'><strong>archiepiscopi</strong></span> <span class='ocrx_word' id='word_1_322' title='bbox 996 3704 1155 3769; x_wconf 77' lang='lat' dir='ltr'><strong>Mogontini.</strong></span> <span class='ocrx_word' id='word_1_323' title='bbox 1203 3702 1247 3755; x_wconf 83' lang='lat' dir='ltr'><strong>Dc</strong></span> 
     </span>
    </p>

    <p class='ocr_par' dir='ltr' id='par_1_19' title="bbox 124 3773 1245 3843">
     <span class='ocr_line' id='line_1_39' title="bbox 124 3773 1245 3843; baseline -0.001 -17"><span class='ocrx_word' id='word_1_324' title='bbox 124 3776 181 3826; x_wconf 84' lang='lat' dir='ltr'><strong>cita</strong></span> <span class='ocrx_word' id='word_1_325' title='bbox 200 3783 224 3826; x_wconf 86' lang='lat' dir='ltr'><strong>et</strong></span> <span class='ocrx_word' id='word_1_326' title='bbox 243 3773 347 3841; x_wconf 76' lang='lat' dir='ltr'><strong>scriptis</strong></span> <span class='ocrx_word' id='word_1_327' title='bbox 361 3775 417 3826; x_wconf 83' lang='lat' dir='ltr'><strong>sias</strong></span> <span class='ocrx_word' id='word_1_328' title='bbox 431 3792 456 3826; x_wconf 86' lang='lat' dir='ltr'><strong>o.</strong></span> <span class='ocrx_word' id='word_1_329' title='bbox 474 3774 582 3826; x_wconf 83' lang='lat' dir='ltr'><strong>Krcase</strong></span> <span class='ocrx_word' id='word_1_330' title='bbox 599 3775 629 3825; x_wconf 83' lang='lat' dir='ltr'><strong>ia</strong></span> <span class='ocrx_word' id='word_1_331' title='bbox 642 3775 841 3843; x_wconf 72' lang='lat' dir='ltr'><strong>‘Forsclsunqers</strong></span> <span class='ocrx_word' id='word_1_332' title='bbox 859 3793 883 3828; x_wconf 77' lang='lat' dir='ltr'><strong>c.</strong></span> <span class='ocrx_word' id='word_1_333' title='bbox 896 3775 934 3827; x_wconf 89' lang='lat' dir='ltr'><strong>D.</strong></span> <span class='ocrx_word' id='word_1_334' title='bbox 946 3775 1048 3828; x_wconf 64' lang='lat' dir='ltr'><strong>cesare</strong></span> <span class='ocrx_word' id='word_1_335' title='bbox 1057 3775 1135 3839; x_wconf 86' lang='lat' dir='ltr'><strong><em>XIX,</em></strong></span> <span class='ocrx_word' id='word_1_336' title='bbox 1150 3792 1180 3841; x_wconf 83' lang='lat' dir='ltr'><strong>p.</strong></span> <span class='ocrx_word' id='word_1_337' title='bbox 1192 3777 1245 3826; x_wconf 87' lang='grc'><strong>603</strong></span> 
     </span>
    </p>

    <p class='ocr_par' dir='ltr' id='par_1_20' title="bbox 125 3847 1246 3916">
     <span class='ocr_line' id='line_1_40' title="bbox 125 3847 1246 3916; baseline -0.002 -16"><span class='ocrx_word' id='word_1_338' title='bbox 125 3856 150 3900; x_wconf 86' lang='lat' dir='ltr'><strong>ct</strong></span> <span class='ocrx_word' id='word_1_339' title='bbox 167 3847 266 3912; x_wconf 87' lang='lat' dir='ltr'><em>XXII,</em></span> <span class='ocrx_word' id='word_1_340' title='bbox 288 3865 319 3914; x_wconf 80' lang='lat' dir='ltr'><strong>p.</strong></span> <span class='ocrx_word' id='word_1_341' title='bbox 334 3848 397 3900; x_wconf 80' lang='lat'><strong>249.</strong></span> <span class='ocrx_word' id='word_1_342' title='bbox 478 3848 508 3912; x_wconf 84' lang='grc'><strong>3)</strong></span> <span class='ocrx_word' id='word_1_343' title='bbox 527 3847 686 3914; x_wconf 76' lang='lat' dir='ltr'><strong>liudolphus</strong></span> <span class='ocrx_word' id='word_1_344' title='bbox 705 3848 771 3900; x_wconf 74' lang='lat' dir='ltr'><strong>dar.</strong></span> <span class='ocrx_word' id='word_1_345' title='bbox 850 3848 880 3916; x_wconf 79' lang='lat'><strong>4)</strong></span> <span class='ocrx_word' id='word_1_346' title='bbox 901 3847 942 3914; x_wconf 77' lang='lat' dir='ltr'><strong>Qs.</strong></span> <span class='ocrx_word' id='word_1_347' title='bbox 962 3847 1098 3914; x_wconf 80' lang='lat' dir='ltr'><strong>epistolam</strong></span> <span class='ocrx_word' id='word_1_348' title='bbox 1117 3849 1246 3914; x_wconf 70' lang='lat' dir='ltr'><strong>archiepi-</strong></span> 
     </span>
    </p>

    <p class='ocr_par' dir='ltr' id='par_1_21' title="bbox 125 3919 1246 3989">
     <span class='ocr_line' id='line_1_41' title="bbox 125 3919 1246 3989; baseline 0.003 -18"><span class='ocrx_word' id='word_1_349' title='bbox 125 3921 199 3985; x_wconf 80' lang='lat' dir='ltr'><strong>scopi</strong></span> <span class='ocrx_word' id='word_1_350' title='bbox 205 3922 399 3972; x_wconf 64' lang='lat' dir='ltr'><strong>mercatoriam</strong></span> <span class='ocrx_word' id='word_1_351' title='bbox 406 3921 439 3973; x_wconf 84' lang='lat' dir='ltr'><strong>de</strong></span> <span class='ocrx_word' id='word_1_352' title='bbox 447 3938 474 3972; x_wconf 85' lang='lat' dir='ltr'><strong>a.</strong></span> <span class='ocrx_word' id='word_1_353' title='bbox 484 3920 564 3985; x_wconf 79' lang='grc'>1400,</span> <span class='ocrx_word' id='word_1_354' title='bbox 570 3919 639 3988; x_wconf 70' lang='lat' dir='ltr'><strong>Assy.</strong></span> <span class='ocrx_word' id='word_1_355' title='bbox 647 3921 690 3985; x_wconf 88' lang='lat'><strong>18,</strong></span> <span class='ocrx_word' id='word_1_356' title='bbox 697 3938 752 3988; x_wconf 85' lang='lat' dir='ltr'><strong>qao</strong></span> <span class='ocrx_word' id='word_1_357' title='bbox 761 3919 911 3974; x_wconf 71' lang='lat' dir='ltr'><strong>liberationi</strong></span> <span class='ocrx_word' id='word_1_358' title='bbox 916 3922 1081 3988; x_wconf 71' lang='lat' dir='ltr'><strong>captivos-am</strong></span> <span class='ocrx_word' id='word_1_359' title='bbox 1086 3938 1246 3989; x_wconf 76' lang='lat' dir='ltr'><strong>maqnopere</strong></span> 
     </span>
    </p>

    <p class='ocr_par' dir='ltr' id='par_1_22' title="bbox 124 3992 1385 4433">
     <span class='ocr_line' id='line_1_42' title="bbox 125 3992 1246 4061; baseline 0 -15"><span class='ocrx_word' id='word_1_360' title='bbox 125 4009 152 4046; x_wconf 85' lang='lat' dir='ltr'><strong>sc</strong></span> <span class='ocrx_word' id='word_1_361' title='bbox 164 3993 298 4046; x_wconf 79' lang='lat' dir='ltr'><strong>studuisse</strong></span> <span class='ocrx_word' id='word_1_362' title='bbox 309 3993 452 4061; x_wconf 65' lang='lat' dir='ltr'><strong>gloriatur.</strong></span> <span class='ocrx_word' id='word_1_363' title='bbox 469 3992 779 4060; x_wconf 75' lang='lat' dir='ltr'><strong>⁴D.1t.n.&#39;111,p.sss.</strong></span> <span class='ocrx_word' id='word_1_364' title='bbox 817 3996 847 4061; x_wconf 78' lang='grc' dir='ltr'><strong>ὅ)</strong></span> <span class='ocrx_word' id='word_1_365' title='bbox 860 3995 915 4046; x_wconf 85' lang='lat' dir='ltr'><strong>Hic</strong></span> <span class='ocrx_word' id='word_1_366' title='bbox 926 4003 1025 4048; x_wconf 78' lang='lat' dir='ltr'><strong>certum</strong></span> <span class='ocrx_word' id='word_1_367' title='bbox 1035 3993 1246 4046; x_wconf 79' lang='lat' dir='ltr'><strong>inveniturtesti·</strong></span> 
     </span>
     <span class='ocr_line' id='line_1_43' title="bbox 124 4065 1385 4144; baseline -0.001 -27"><span class='ocrx_word' id='word_1_368' title='bbox 124 4065 241 4118; x_wconf 80' lang='lat' dir='ltr'><strong>mortium</strong></span> <span class='ocrx_word' id='word_1_369' title='bbox 255 4083 308 4132; x_wconf 78' lang='lat' dir='ltr'><strong>pro</strong></span> <span class='ocrx_word' id='word_1_370' title='bbox 320 4067 378 4133; x_wconf 82' lang='lat' dir='ltr'><strong>fido</strong></span> <span class='ocrx_word' id='word_1_371' title='bbox 397 4065 454 4119; x_wconf 84' lang='lat' dir='ltr'><strong>cisse</strong></span> <span class='ocrx_word' id='word_1_372' title='bbox 465 4067 575 4134; x_wconf 69' lang='lat' dir='ltr'><strong>forense</strong></span> <span class='ocrx_word' id='word_1_373' title='bbox 594 4067 716 4119; x_wconf 81' lang='lat' dir='ltr'><strong>undecim</strong></span> <span class='ocrx_word' id='word_1_374' title='bbox 736 4068 916 4132; x_wconf 79' lang='lat' dir='ltr'><strong>articulorum,</strong></span> <span class='ocrx_word' id='word_1_375' title='bbox 935 4085 1017 4135; x_wconf 80' lang='lat' dir='ltr'><strong>quam</strong></span> <span class='ocrx_word' id='word_1_376' title='bbox 1040 4066 1198 4119; x_wconf 78' lang='lat' dir='ltr'><strong>Tritbcmiue</strong></span> <span class='ocrx_word' id='word_1_377' title='bbox 1216 4068 1247 4119; x_wconf 82' lang='lat' dir='ltr'><strong>irs</strong></span> <span class='ocrx_word' id='word_1_378' title='bbox 1357 4103 1385 4144; x_wconf 39' lang='lat' dir='ltr'><strong>p,</strong></span> 
     </span>
     <span class='ocr_line' id='line_1_44' title="bbox 125 4111 1357 4242; baseline -0.002 -50"><span class='ocrx_word' id='word_1_379' title='bbox 125 4138 221 4194; x_wconf 69' lang='lat' dir='ltr'><strong>oran.</strong></span> <span class='ocrx_word' id='word_1_380' title='bbox 248 4138 448 4206; x_wconf 65' lang='lat' dir='ltr'><strong>spontem·</strong></span> <span class='ocrx_word' id='word_1_381' title='bbox 473 4140 578 4206; x_wconf 67' lang='lat' dir='ltr'><strong>(opera</strong></span> <span class='ocrx_word' id='word_1_382' title='bbox 596 4140 642 4204; x_wconf 83' lang='grc' dir='ltr'><strong>Π,</strong></span> <span class='ocrx_word' id='word_1_383' title='bbox 666 4159 697 4206; x_wconf 70' lang='grc' dir='ltr'><strong>ρ.</strong></span> <span class='ocrx_word' id='word_1_384' title='bbox 718 4142 785 4205; x_wconf 81' lang='lat' dir='ltr'><strong>aso)</strong></span> <span class='ocrx_word' id='word_1_385' title='bbox 808 4140 934 4202; x_wconf 63' lang='lat' dir='ltr'><strong>aarum</strong></span> <span class='ocrx_word' id='word_1_386' title='bbox 959 4142 1018 4193; x_wconf 73' lang='lat' dir='ltr'><strong>seeo</strong></span> <span class='ocrx_word' id='word_1_387' title='bbox 1042 4139 1205 4206; x_wconf 60' lang='lat' dir='ltr'><strong>superum·</strong></span> <span class='ocrx_word' id='word_1_388' title='bbox 1228 4158 1247 4192; x_wconf 75' lang='lat' dir='ltr'><strong><em>a</em></strong></span> <span class='ocrx_word' id='word_1_389' title='bbox 1277 4111 1295 4242; x_wconf 64' lang='lat' dir='ltr'><em>s</em></span> <span class='ocrx_word' id='word_1_390' title='bbox 1336 4145 1357 4189; x_wconf 71' lang='lat' dir='ltr'><strong>s</strong></span> 
     </span>
     <span class='ocr_line' id='line_1_45' title="bbox 125 4194 1336 4289; baseline 0.002 -26"><span class='ocrx_word' id='word_1_391' title='bbox 125 4211 256 4276; x_wconf 67' lang='lat' dir='ltr'><strong>liadaer,</strong></span> <span class='ocrx_word' id='word_1_392' title='bbox 276 4213 377 4265; x_wconf 74' lang='lat' dir='ltr'><strong>‘cessa</strong></span> <span class='ocrx_word' id='word_1_393' title='bbox 391 4214 419 4266; x_wconf 86' lang='lat' dir='ltr'><strong>d.</strong></span> <span class='ocrx_word' id='word_1_394' title='bbox 433 4213 468 4266; x_wconf 94' lang='lat' dir='ltr'><strong>D.</strong></span> <span class='ocrx_word' id='word_1_395' title='bbox 482 4211 585 4266; x_wconf 80' lang='lat' dir='ltr'><strong>Bciclse&#39;</strong></span> <span class='ocrx_word' id='word_1_396' title='bbox 605 4213 647 4278; x_wconf 89' lang='lat' dir='ltr'><strong>II,</strong></span> <span class='ocrx_word' id='word_1_397' title='bbox 662 4231 692 4279; x_wconf 81' lang='lat' dir='ltr'><strong>p.</strong></span> <span class='ocrx_word' id='word_1_398' title='bbox 707 4214 769 4266; x_wconf 68' lang='grc'><strong>633.</strong></span> <span class='ocrx_word' id='word_1_399' title='bbox 783 4223 875 4266; x_wconf 81' lang='lat' dir='ltr'><strong>coatra</strong></span> <span class='ocrx_word' id='word_1_400' title='bbox 890 4213 994 4267; x_wconf 84' lang='lat' dir='ltr'><strong>cosdem</strong></span> <span class='ocrx_word' id='word_1_401' title='bbox 1001 4215 1126 4280; x_wconf 71' lang='lat' dir='ltr'><strong>prohetae</strong></span> <span class='ocrx_word' id='word_1_402' title='bbox 1138 4230 1246 4265; x_wconf 68' lang='lat' dir='ltr'><strong>croam·</strong></span> <span class='ocrx_word' id='word_1_403' title='bbox 1275 4194 1336 4289; x_wconf 54' lang='lat' dir='ltr'><em>J</em></span> 
     </span>
     <span class='ocr_line' id='line_1_46' title="bbox 125 4284 1247 4353; baseline 0 -16"><span class='ocrx_word' id='word_1_404' title='bbox 125 4301 182 4338; x_wconf 84' lang='lat' dir='ltr'><strong>ccrc</strong></span> <span class='ocrx_word' id='word_1_405' title='bbox 192 4286 294 4338; x_wconf 78' lang='lat' dir='ltr'><strong>debeat.</strong></span> <span class='ocrx_word' id='word_1_406' title='bbox 320 4285 360 4352; x_wconf 64' lang='grc' dir='ltr'><strong>Ψ.</strong></span> <span class='ocrx_word' id='word_1_407' title='bbox 380 4285 550 4338; x_wconf 76' lang='lat' dir='ltr'><strong>li&#39;eicss&#39;s‘clccri</strong></span> <span class='ocrx_word' id='word_1_408' title='bbox 561 4284 759 4353; x_wconf 77' lang='lat' dir='ltr'><strong>iaquisitionem</strong></span> <span class='ocrx_word' id='word_1_409' title='bbox 771 4286 890 4339; x_wconf 78' lang='lat' dir='ltr'><strong>criticam</strong></span> <span class='ocrx_word' id='word_1_410' title='bbox 902 4289 935 4339; x_wconf 84' lang='lat' dir='ltr'><strong>dc</strong></span> <span class='ocrx_word' id='word_1_411' title='bbox 948 4287 1061 4340; x_wconf 79' lang='lat' dir='ltr'><strong>diversis</strong></span> <span class='ocrx_word' id='word_1_412' title='bbox 1073 4287 1247 4338; x_wconf 78' lang='lat' dir='ltr'><strong>articolonsm</strong></span> 
     </span>
     <span class='ocr_line' id='line_1_47' title="bbox 124 4357 1147 4433; baseline 0 -22"><span class='ocrx_word' id='word_1_413' title='bbox 124 4357 329 4412; x_wconf 72' lang='lat' dir='ltr'><strong>recessionibus.</strong></span> <span class='ocrx_word' id='word_1_414' title='bbox 366 4358 422 4421; x_wconf 82' lang='lat' dir='ltr'><strong>Illi,</strong></span> <span class='ocrx_word' id='word_1_415' title='bbox 441 4377 506 4427; x_wconf 76' lang='lat' dir='ltr'><strong>quos</strong></span> <span class='ocrx_word' id='word_1_416' title='bbox 526 4368 619 4411; x_wconf 77' lang='lat' dir='ltr'><strong>auctor</strong></span> <span class='ocrx_word' id='word_1_417' title='bbox 635 4368 726 4412; x_wconf 82' lang='lat' dir='ltr'><strong>noster</strong></span> <span class='ocrx_word' id='word_1_418' title='bbox 743 4360 883 4433; x_wconf 66' lang='lat' dir='ltr'><strong>eiyuijicot,</strong></span> <span class='ocrx_word' id='word_1_419' title='bbox 902 4369 964 4412; x_wconf 79' lang='lat' dir='ltr'><strong>suat</strong></span> <span class='ocrx_word' id='word_1_420' title='bbox 984 4363 1009 4411; x_wconf 87' lang='lat'><strong>1.</strong></span> <span class='ocrx_word' id='word_1_421' title='bbox 1030 4361 1054 4412; x_wconf 77' lang='lat'><strong>2.</strong></span> <span class='ocrx_word' id='word_1_422' title='bbox 1075 4361 1101 4412; x_wconf 80' lang='lat'><strong>4.</strong></span> <span class='ocrx_word' id='word_1_423' title='bbox 1123 4361 1147 4411; x_wconf 78' lang='grc'><strong>7.</strong></span> 
     </span>
    </p>
   </div>
   <div class='ocr_carea' id='block_1_6' title="bbox 0 0 1549 4964">
    <p class='ocr_par' dir='ltr' id='par_1_23' title="bbox 0 0 1549 4964">
     <span class='ocr_line' id='line_1_48' title="bbox 0 0 1549 4964; baseline 0 0"><span class='ocrx_word' id='word_1_424' title='bbox 0 0 1549 4964; x_wconf 95' lang='lat' dir='ltr'><strong> </strong></span> 
     </span>
    </p>
   </div>
  </div>
 </body>
</html>
