3088 4962
406 396 617 448 CHRONIOON
634 396 886 449 MOGUNTINUM.
923 397 956 449 A.
979 396 1059 451 1375.
1259 399 1295 450 39

172 572 354 628 straxerunt
364 555 607 647 mmchionspud
616 572 649 628 et
659 584 770 628 eorum
782 531 1295 651 exercitui'bottidianasl‘predas
1329 556 1384 608 s

171 649 206 712 in
232 648 367 732 captivis
395 656 427 712 et
453 647 631 733 pecudibus
659 656 691 712 et
717 647 818 732 equis,
847 648 893 711 ita
920 646 1007 734 quod
1029 648 1228 713 marchiones
1249 650 1296 714 ibi

170 730 332 795 modicum
360 730 592 817 profeceumt1.
635 729 781 794 Tandem
807 731 982 816 imperator
1005 731 1081 796 fecit
1101 741 1230 817 treugas
1253 732 1296 796 ad

169 813 306 879 alterum
328 813 646 913 dimidiumnannum,
674 835 737 900 que
757 822 865 878 tamen
886 813 968 880 male
990 815 1208 880 servabantur.
1251 816 1296 880 Et
1373 811 1394 829 ”

170 899 218 961 sic
237 907 438 963 recesserimt
481 897 593 962 mhbet
614 897 657 961 ad
677 897 809 983 propria
818 909 840 962 ².
1088 910 1120 914 ””

254 981 334 1046 Post
372 981 431 1067 lrec
460 920 616 1055 ‹bdolfus'
640 980 759 1046 electus
795 981 954 1047 diffidavit
984 981 1164 1081 Rupertum
1201 1004 1295 1047 suum

169 1073 321 1150 patruum
329 1049 378 1110 bf*
402 1074 434 1129 et
460 1063 592 1130 abstulit
624 1064 687 1131 sibi
716 1073 855 1130 castrum
884 1073 917 1130 et
937 1067 1186 1206 munit1one1pr.
1209 1077 1247 1154 at
1263 1075 1295 1132 et
1311 1063 1434 1164 myssa·
1444 1081 1515 1158 iss

169 1155 284 1233 postea
303 1149 464 1234 pacificati
486 1157 569 1214 sunt.
1157 1151 1240 1192 ‘W
1493 1151 1499 1164 ’

255 1249 370 1316 *Circa
395 1250 575 1337 predictum
600 1259 727 1336 tempus
755 1250 894 1336 quedam
922 1252 1056 1316 societas
1084 1251 1294 1318 barbarorum
1304 1271 1340 1325 ν.
1351 1275 1401 1317 nr

169 1333 288 1396 invasit
299 1333 524 1399 Alamanniam
544 1343 577 1398 et
589 1333 752 1398 transtulit
774 1334 980 1400 seElsaciam
994 1357 1067 1399 cum
1082 1335 1163 1401 duce
1184 1358 1294 1401 eorum

169 1415 299 1481 domino
333 1417 373 1482 de
402 1415 547 1482 Oussinis
579 1426 692 1482 contra
724 1417 838 1481 ducem
869 1418 1031 1484 Austrie⁴.
1087 1419 1232 1500 Quorum
1259 1429 1295 1486 ut

169 1500 326 1565 veraciter
354 1501 471 1566 dicitur
491 1501 552 1566 fuit
572 1500 743 1566 multitudo
764 1503 916 1586 maxima,
943 1500 1092 1568 videlicet
1114 1512 1185 1567 octo
1207 1503 1295 1569 milia

169 1581 252 1647 bene
266 1592 462 1649 armatorum
485 1593 517 1650 et
539 1607 612 1649 cum
625 1582 724 1670 vulgo
746 1593 778 1648 et
799 1583 869 1650 aliis
888 1587 954 1650 suis
970 1608 1003 1650 sc
1027 1587 1160 1652 uacibus
1181 1609 1294 1674 usque,
1324 1633 1352 1672 s
1371 1589 1384 1608 ¹

168 1659 535 1751 ui‘veraciterrefenmt,
557 1669 600 1734 ad
614 1669 657 1733 50
671 1667 947 1752 milia'liominum,
970 1678 1002 1734 et
1038 1669 1190 1754 icebatur,
1230 1669 1294 1736 uod

130 1764 140 1825 ‚¹
168 1771 211 1814 cx
232 1753 327 1815 iussa
336 1737 456 1838 oi{sape
478 1761 510 1817 et
530 1753 732 1838 imperatoris
744 1751 957 1818 iAlamaniam
977 1755 1159 1818 intrassent.
1202 1693 1295 1820 'lunc
1365 1794 1480 1836 με

167 1831 229 1897 fuit
238 1833 426 1920 pestilencia
439 1835 664 1922 epidimiarum
685 1837 719 1899 in
732 1835 895 1920 Erffordia
916 1846 948 1902 et
968 1839 1002 1900 in
1023 1845 1091 1901 tota
1105 1837 1292 1923 Thuringia.

253 1917 348 1982 Circa
363 1919 481 1983 festum
495 1919 624 1984 Andree
640 1921 878 1985 conveneruntd
901 1929 1011 1986 contra
1021 1920 1123 1985 dictos
1138 1921 1293 1987 barbaros
1303 1938 1359 1982 Nov-
1369 1939 1408 1982 8⁰·
1439 1936 1468 1968 s

167 2001 329 2148 grincipes
358 2001 536 2086 Alamanie,
566 2002 634 2068 dux
655 2003 786 2068 Austrie
814 2025 888 2068 cum
909 2003 1018 2068 multis
1039 2005 1239 2152 principlibus
1261 2015 1294 2071 et

191 2086 306 2149 omims
335 2094 493 2150 terrarum
522 2088 588 2152 suis
617 2087 740 2169 vicinis,
768 2086 837 2150 dux
857 2087 1042 2174 Rupertus⁵
1065 2097 1097 2154 et
1119 2090 1170 2152 a''
1195 2088 1293 2154 duces

166 2167 318 2252 Bavarie,
351 2167 499 2234 Adolffus
530 2170 790 2256 archiepiscopus
818 2169 937 2235 electus
970 2180 1003 2236 et
1034 2171 1075 2237 de
1108 2173 1293 2239 civitatibus
1335 2166 1398 2248 >x

168 2273 305 2336 magnus
327 2253 497 2335 exercitus.

252 2335 326 2398 Hiis
345 2336 455 2420 gestis,
472 2336 612 2438 qooietas
628 2337 723 2401 cessit
739 2335 933 2401 transferens
956 2359 989 2402 se
1011 2337 1053 2402 ad
1094 2347 1178 2404 artes
1201 2361 1294 2425 supe-

166 2419 281 2500 riores,
317 2420 566 2505 pertransientes
602 2420 722 2484 dietum
755 2417 1025 2514 Hawensteimq(
1041 2361 1098 2487 ulii
1134 2423 1293 2488 exercitus

59 2509 63 2518 ’
167 2501 418 2568 Alamanorum⁰
442 2552 450 2568 .
474 2489 537 2569 ,tet
558 2502 677 2569 ibidem
700 2503 862 2590 quoddam
878 2502 1096 2570 castellum-ex
1121 2515 1293 2591 ugnarunt,
1318 2543 1320 2546 v

5 2591 8 2606 '
166 2586 232 2668 ubi,
255 2587 349 2673 copia
362 2587 551 2652 victualium
567 2589 707 2670 inventa,
731 2611 765 2654 se
783 2586 989 2673 aliquamdiu,
1012 2528 1160 2654 omnibus
1181 2589 1293 2654 incolis

167 2672 290 2755 occisis,
323 2671 530 2736 retinuerunt.
579 2671 707 2737 Interea
738 2671 899 2758 prefectus
928 2673 1159 2757 patrimoniof'<
1175 2675 1293 2740 invasit

166 2753 348 2821 Viterbium
381 2763 413 2820 et
443 2763 561 2821 terram
594 2755 823 2836 circumsitam,
858 2777 940 2841 quae
974 2755 1035 2819 fuit
1066 2779 1161 2842 pape,
1195 2779 1293 2844 quam

167 2837 319 2904 Urbanus
347 2859 436 2925 papa
462 2849 736 2926 recuperaverat&
780 2839 871 2902 Tunc
896 2838 1059 2926 predictus
1081 2839 1229 2905 dominus
1251 2840 1292 2906 de

165 3027 189 3080 a)
206 2945 348 3092 eddidit·
364 3042 382 3072 c.
436 3027 460 3082 b)
476 3035 566 3098 patreyr
582 3043 600 3074 e.
655 3029 676 3083 c)
692 3032 716 3072 ia
731 3031 812 3070 lacuna
824 3030 899 3080 pomi.
952 3029 976 3082 d)
993 3034 1153 3074 convenerunt
1168 3031 1201 3072 tis
1215 3042 1258 3074 rer.
1272 3043 1292 3074 c.

165 3087 188 3140 a)
205 3088 387 3160 Alamaneoram
403 3100 422 3130 e.
482 3088 658 3162 opatrlmpnla
672 3101 690 3131 c.

167 3245 196 3313 1)
217 3245 256 3314 (ἶ).
276 3250 309 3300 da
328 3249 376 3302 boc
395 3250 459 3302 bello
485 3250 743 3316 archiepiscoporum
769 3249 962 3301 aemulantium
986 3255 1010 3300 et
1033 3250 1066 3300 de
1086 3249 1220 3301 obsidione
1239 3248 1291 3300 Er·

156 3321 272 3388 sardice
292 3319 388 3374 Oleros.
406 3323 493 3376 Limb.
513 3341 533 3375 c.
550 3324 611 3376 106.
631 3329 656 3374 ct
675 3322 769 3374 Obroa.
782 3321 908 3389 Mopdeb.
926 3320 1091 3374 ιιῖιᾶιίιεοήνῖ
1106 3321 1170 3384 VII,
1185 3340 1215 3388 p.
1227 3322 1290 3373 26⁷.

166 3394 197 3458 2)
218 3393 330 3444 Pactum
349 3404 387 3446 est
406 3397 430 3446 6.
446 3395 517 3461 Sept.
538 3397 613 3460 opud
633 3395 881 3462 &roffea-Tooua.
913 3395 977 3462 Ray.
997 3395 1066 3446 Kar.
1079 3395 1131 3447 IV.
1150 3404 1193 3446 ur.
1208 3396 1289 3450 5500.

167 3466 196 3533 3)
216 3463 378 3532 Arcdiepirc.
397 3467 513 3535 Adolsae
526 3468 603 3535 filiae
618 3473 676 3520 crat
695 3466 795 3519 comitia
807 3465 895 3534 Adolji
913 3469 947 3520 da
961 3468 1096 3532 Naaeowo,
1117 3475 1140 3519 et
1154 3469 1290 3535 Repertus

166 3539 200 3591 de
225 3537 396 3607 Subnectam
422 3543 516 3606 (prope
547 3541 714 3605 Wiesbadea)
744 3541 823 3592 tuias
843 3541 937 3606 frater
965 3542 1054 3592 eodem
1077 3548 1158 3606 patro
1185 3541 1290 3608 penitus

164 3612 277 3678 ideoque
291 3622 409 3678 patruos
427 3612 509 3666 electi.
584 3613 614 3681 4)
634 3612 675 3680 ί).
689 3613 886 3680 Koeoipabofea
901 3631 931 3682 p.
948 3613 1011 3665 815.
1031 3615 1068 3665 ad
1084 3631 1109 3665 a.
1125 3615 1210 3664 1375:
1229 3615 1291 3666 Von

166 3687 220 3738 den
238 3686 341 3738 audem
353 3687 551 3753 Engelenderu,
571 3693 595 3738 et
614 3687 682 3738 alica
700 3686 730 3738 irs
743 3688 834 3738 adnot.
855 3687 980 3739 laudatos
999 3686 1139 3753 scriptores
1158 3704 1217 3738 cum
1236 3687 1291 3753 epi-
1313 3684 1397 3756 duhe—
1402 3689 1472 3751 W)

165 3759 240 3811 stolia
270 3759 423 3822 visitamus,-
448 3776 553 3823 taceaco
581 3759 677 3812 Circa.
706 3759 794 3812 Limb.
823 3777 845 3811 c.
868 3761 929 3812 110.
970 3759 1038 3810 Dua
1062 3758 1208 3826 ceperam
1233 3766 1291 3811 erat
1344 3771 1391 3804 ὠν

5 3871 6 3874 ,
147 3867 149 3872 -
167 3833 351 3900 Elrtpumoud
369 3833 492 3885 domiuus
511 3833 544 3886 da
558 3832 653 3900 Ooacy,
673 3834 720 3900 qai
738 3833 910 3886 hereditatem
929 3839 1021 3884 contro
1033 3831 1170 3884 Albesium
1185 3840 1210 3883 et
1222 3831 1290 3884 Leo·

5 3909 34 3968 l‘·
161 3907 275 3972 poldane
300 3907 379 3958 duces
403 3905 530 3958 Austriac
555 3907 707 3975 arropcbat.
784 3906 813 3972 b)
839 3907 966 3973 Rinceps
991 3907 1085 3958 elector
1109 3905 1246 3971 Repertus
1265 3905 1290 3958 1.

165 3979 316 4031 Pakatiane.
392 3979 421 4046 6)
442 3979 482 4046 Os.
497 3980 642 4047 Iustiaqer,
662 3980 774 4032 ‘Beruer
788 3978 909 4032 Obrooik'
929 3980 970 4034 ed.
986 3979 1087 4031 Studet·
1100 3996 1130 4046 p.
1147 3979 1213 4029 141:
1232 3980 1290 4030 Dan

164 4053 208 4104 dia
227 4053 398 4119 Engelsohen
421 4055 451 4104 in
475 4054 524 4104 dan
545 4054 603 4104 lant
626 4054 725 4105 kamen
746 4055 856 4105 --also
875 4058 975 4118 augent
993 4055 1031 4104 sie
1056 4053 1099 4104 fiir
1117 4053 1197 4104 Basel
1215 4052 1294 4104 hersf

165 4141 200 4176 an
226 4126 279 4177 den
296 4127 497 4179 Houwenstein.
536 4124 630 4180 Cicron.
651 4125 737 4178 Limb.
757 4127 775 4178 l.
795 4128 813 4178 i.
889 4125 918 4191 7)
939 4124 979 4192 Of.
1005 4125 1079 4178 Vitae
1094 4143 1161 4192 pap.
1177 4143 1207 4192 p.
1222 4127 1289 4176 489:

165 4204 293 4264 operante
312 4205 339 4250 et
357 4206 516 4266 procurante
535 4200 680 4254 Francisco
701 4201 734 4252 de
747 4200 813 4252 Vico
832 4200 968 4266 praefecto
984 4200 1064 4264 urbis,
1085 4200 1129 4266 qni
1142 4200 1290 4250 Viterbium

163 4277 192 4323 et
207 4273 261 4323 alia
273 4273 334 4324 loca
348 4275 425 4340 plura
438 4275 473 4326 ad
486 4275 585 4326 dictam
599 4275 741 4326 ecclesiam
752 4275 914 4340 pertinentia
926 4278 990 4324 tunc
1003 4273 1134 4337 detinens,
1153 4278 1290 4340 tamquam

166 4346 223 4396 eius
242 4345 326 4397 bostis
346 4352 392 4398 etc.
