3090 4962
265 1323 456 1408 Chroniaon
468 1342 701 1426 Mopuntinnm
711 1345 844 1428 pridem
855 1345 1020 1426 amissum,
1033 1345 1289 1432 quodquoniam

172 1435 281 1499 valeat
309 1434 354 1497 ad
375 1434 619 1499 describendam
643 1433 842 1500 Germaniae
870 1435 1041 1499 historiam
1063 1435 1187 1501 saeculi
1200 1437 1289 1519 XIV,

172 1518 446 1604 iamfrapmenta
462 1520 532 1582 eius
549 1521 728 1584 testimonio
744 1529 848 1599 crant,
869 1520 1010 1584 Bo'hmer
1026 1519 1148 1606 aliique
1151 1520 1289 1604 frustra

171 1605 461 1690 investipaverunt.
504 1603 590 1667 Mihi
611 1604 760 1690 deniqne,
785 1612 821 1667 ut
841 1607 1030 1683 invenirem,
1053 1607 1198 1690 contipit,
1221 1629 1288 1670 non

171 1689 365 1774 Mopantiae
380 1688 519 1772 quidem,
534 1688 591 1752 nbi
602 1688 780 1752 Bodmann
795 1697 824 1752 et
835 1686 966 1752 Schaab
977 1689 1169 1774 Mopnntini
1182 1689 1290 1755 ultimi

171 1796 208 1838 eo
229 1774 284 1836 usi
305 1780 409 1850 erant,
437 1773 493 1836 sed
515 1772 650 1835 Monaci
675 1774 713 1836 in
742 1772 932 1836 bibliotheca
953 1774 1059 1858 repia.
1101 1773 1161 1836 Est
1182 1783 1288 1838 antem

171 1859 219 1922 ibi
239 1860 277 1922 in
299 1856 368 1920 cod.
391 1855 464 1922 Lat.
487 1878 540 1922 no.
562 1856 676 1925 24163.

258 1957 325 2033 Qui
339 1959 450 2040 codem,
472 1959 662 2022 chartaceus
666 1959 802 2042 formae
816 1959 980 2022 manimae
998 1960 1141 2043 scriptas
1155 1963 1257 2025 ineun

170 2043 300 2110 saeculo
322 2042 407 2124 XVI,
435 2065 542 2127 anper
571 2043 697 2107 demum
720 2043 760 2107 ab
783 2043 844 2106 hac
867 2043 1057 2107 bibliotheca
1078 2066 1145 2108 com
1171 2053 1287 2108 aratus

170 2139 200 2194 et
221 2131 258 2192 in
279 2136 375 2212 parte
398 2125 503 2190 altera
528 2124 680 2214 Catalopi
703 2127 779 2194 Cod.
794 2127 999 2206 Latinorum,
1022 2150 1119 2214 qnam
1138 2066 1170 2192 d.
1187 2129 1287 2192 Halm

170 2225 200 2278 et
234 2211 280 2278 W.
303 2212 415 2296 Meyer
443 2211 624 2294 ediderant,
656 2213 688 2276 Τ.
709 2212 755 2295 II,
777 2211 813 2275 P.
837 2211 895 2293 IV,
914 2234 951 2297 p.
968 2211 1038 2276 123.
1068 2211 1205 2276 breviter
1232 2213 1285 2276 de-

168 2299 313 2382 scriptus
334 2304 389 2360 est.

255 2397 481 2463 Numerantur
513 2399 550 2461 in
580 2419 614 2461 eo
640 2396 702 2461 342
726 2395 838 2482 folia,
873 2419 944 2461 cum
973 2420 1007 2460 re
1042 2419 1119 2460 nera
1159 2405 1286 2464 tantum

170 2483 233 2548 314
254 2491 386 2564 enstent,
417 2503 553 2568 quornm
576 2483 718 2568 quinque
735 2483 859 2565 priora
889 2490 917 2544 et
940 2479 1009 2545 alia
1032 2503 1094 2566 quc
1117 2505 1156 2545 ue
1177 2505 1286 2548 vacua

169 2576 255 2632 sient.
300 2567 341 2632 Te
365 2574 528 2630 amentum
551 2574 656 2629 antem
681 2566 721 2629 ab
737 2569 872 2652 antiquo
887 2564 1014 2630 missali
1028 2505 1177 2629 arabeum
1192 2575 1285 2630 nota·

168 2654 242 2716 rins
272 2653 330 2738 qui
355 2675 417 2733 am,
447 2651 504 2736 qui
528 2659 644 2736 postea
672 2651 813 2716 codicem
834 2650 1036 2734 possidebat,
1066 2649 1234 2714 addidisse
1255 2653 1287 2715 ei

168 2736 308 2817 ridetur,
331 2736 425 2799 cuius
448 2737 579 2820 sipanm
601 2743 695 2819 atque
717 2758 831 2798 nomen
859 2735 1044 2820 (Signatum
1066 2733 1158 2798 Pauli
1179 2733 1287 2798 Ruck·

168 2819 225 2884 lini
247 2819 277 2883 N
300 2820 340 2904 P)
363 2820 517 2883 interiori
538 2821 715 2905 tepumemti
730 2821 828 2903 parti
850 2819 1094 2905 applntinotum
1116 2827 1170 2882 est.

255 2921 370 2989 Codice
408 2923 482 3006 ipso
519 2921 659 2985 collectio
697 2923 881 2986 continetur
916 2923 1220 2986 commentariorum
1257 2930 1286 2984 et
1296 2907 1395 3007 ffl⁰

167 3016 314 3072 actorum
336 3006 381 3070 ad
395 3006 565 3071 historiam
582 3014 676 3091 atque
694 3027 761 3069 rem
770 3005 940 3090 publicam
955 3007 1179 3090 spectantium,
1202 3029 1286 3091 quae
1380 2999 1386 3010 ⁸

165 3115 242 3156 cum
263 3097 418 3156 uniuersa
442 3129 481 3138 -
494 3088 595 3174 facta
617 3091 702 3154 enim
723 3098 769 3154 est
790 3089 894 3154 altera
916 3089 1041 3154 saeculi
1053 3089 1141 3154 XVI.
1164 3091 1285 3154 decade

166 3176 209 3240 ab
232 3184 362 3240 anctore
384 3183 504 3238 certum
518 3171 689 3238 consilium
708 3183 814 3238 secuto
837 3211 878 3222 -
899 3184 965 3237 tum
980 3183 1116 3258 propter
1130 3173 1284 3260 sinpnlas

192 3268 278 3324 artes
303 3261 441 3325 manat
469 3257 517 3324 nel
545 3259 639 3322 unici
659 3260 810 3322 momenti
830 3267 887 3324 est.
932 3256 1091 3342 Pleraque
1114 3257 1284 3322 abeodem

161 3284 303 3410 bibrario
332 3365 372 3406 ere
407 3339 561 3427 ercemplis
587 3343 751 3427 descripta
788 3351 882 3423 sunt,
917 3365 1112 3428 quamquam
1140 3341 1283 3426 complu·

166 3429 260 3494 ribus
286 3427 375 3509 locis,
397 3428 580 3514 praecipue
608 3427 666 3491 sub
687 3427 801 3510 finem,
836 3426 876 3490 ab
907 3425 984 3490 aliis
1012 3448 1136 3512 quoque
1157 3427 1284 3512 scripta

59 3527 61 3531 ’
166 3513 388 3578 inveniantur.

250 3603 365 3668 Priore
381 3612 481 3687 parte
502 3602 596 3689 lonpe
617 3605 741 3667 maiore
763 3601 921 3666 chronica
943 3602 1148 3666 continentur
1161 3599 1283 3666 Latino

164 3710 311 3754 sermone
333 3689 519 3772 conscripta
540 3687 589 3752 rel
611 3710 721 3752 eorum
742 3688 943 3750 summaria:

251 3791 284 3876 1)
343 3790 505 3872 .6-50)
529 3791 751 3854 Historica
772 3788 1000 3874 descriptio
1023 3787 1283 3872 Vanpionum

164 3884 201 3938 et
229 3875 274 3939 de
346 3876 540 3956 armatia,
573 3897 657 3960 quae
690 3897 711 3937 a
740 3872 952 3956 praefatione
985 3871 1024 3935 de
1062 3871 1128 3934 Van
1152 3871 1283 3936 ionibus

165 3961 296 4044 incipit,
326 3959 443 4024 deinde
471 3960 697 4044 episcoporum
727 3957 897 4021 historiam
919 3965 947 4018 et
969 3955 1108 4020 annales
1174 3977 1281 4020 orma·

164 4045 282 4108 tienses
300 4043 436 4128 praebet
456 4065 558 4128 nsque
580 4043 626 4106 ad
648 4064 773 4105 arenam
793 4041 884 4106 1509.
902 4041 1102 4124 pertinentes
1125 4048 1220 4122 atque
1242 4062 1283 4104 em

165 4127 306 4192 diensis
331 4127 423 4191 libris
453 4129 655 4212 compositos,
684 4136 720 4188 nt
748 4133 888 4209 apparet
917 4145 956 4188 en
985 4124 1090 4187 verbis
1112 4125 1282 4188 entremis:

166 4211 238 4275 Hec
267 4221 341 4274 sunt
369 4233 431 4297 que
460 4211 494 4274 in
520 4211 618 4274 variis
647 4208 738 4273 libris
766 4217 894 4292 reperta
922 4215 1004 4272 sunt.
1047 4208 1173 4288 Fontes,
1201 4229 1282 4292 qnos

164 4295 359 4380 compilator
373 4296 543 4381 excerpsit,
564 4296 601 4358 in
613 4294 824 4442 praeputiatio
839 4315 910 4356 cum
929 4292 1036 4356 variae
1051 4289 1201 4356 historiae
1216 4291 1280 4354 iam

165 4401 225 4464 per
251 4389 352 4444 artem
380 4379 618 4466 impressoriam
645 4399 686 4442 vn
699 4377 738 4442 de
765 4374 1011 4461 multiplicatae,
1046 4386 1113 4440 tum
1142 4373 1282 4442 Iacobus

1258 1969 1287 2023 w
1298 1945 1451 2016 Godccqc*

1332 2016 1409 2048 mm.
