3076 4964
310 370 519 422 CHRONIOON
536 371 788 425 MOGUNTINUM.
826 375 858 427 A.
881 373 1070 428 raet-1399.
1220 375 1253 425 73

128 538 278 620 linearia,
289 558 427 624 quorum
439 538 477 603 12
487 538 627 621 fuerunt,
638 539 789 606 videlicet
797 541 949 622 decanus,
962 539 1149 608 scolasticus
1158 550 1190 608 et
1201 541 1256 608 alii

129 621 242 687 decem
263 621 467 708 capitulares,
489 624 648 688 mandatis
670 624 853 710 apostolicis
874 625 1157 713 obtemperabant3
1180 649 1256 712 pars

129 705 203 788 alia,
226 727 362 791 quorum
378 715 413 772 ut
428 707 543 771 estimo
557 708 686 774 fuerunt
703 711 752 784 13,
767 708 1011 795 appellaverunt
1025 713 1129 796 primo
1145 721 1257 776 contra

129 810 318 877 processum
346 801 378 856 et
404 793 555 856 mandata
584 791 769 878 apostolica,
796 815 856 858 neo
884 795 1115 860 confidenciam
1137 794 1257 860 habere

87 925 91 930 .
154 883 288 940 oterant.
332 875 485 940 Termino
498 875 601 962 lapso,
624 876 711 963 quod
726 877 886 942 mandatis
901 900 966 942 non
980 878 1257 965 obtemperabant,

129 896 280 1024 dominus
306 958 467 1024 lohannes
499 959 762 1046 archiepiscopus
792 962 968 1026 secundum
1002 963 1147 1028 ordinem
1179 965 1257 1027 iuris

129 1042 265 1108 ulterius
288 1044 446 1128 processit
466 1044 619 1131 ipsosque
642 1066 753 1110 omnes
767 1047 916 1130 privavit.
959 1048 1003 1112 Et
1025 1049 1086 1111 nisi
1108 1047 1258 1112 dominus

130 1149 190 1192 rex
211 1127 429 1193 Romanorum
459 1137 491 1192 et
510 1150 570 1193 rex
592 1127 748 1193 Bohemie
772 1129 996 1216 Wentzesslaus
1024 1153 1058 1195 se
1080 1133 1258 1217 interposu-

129 1213 219 1292 isset,
233 1211 342 1276 forsan
357 1211 493 1298 predicti
503 1211 697 1297 capitulares
712 1215 759 1277 sic
774 1235 833 1300 per
847 1215 1126 1301 arehiepiscopum
1140 1217 1258 1301 privati

130 1295 267 1381 pristino
290 1295 403 1360 honori
424 1297 562 1360 restituti
583 1318 648 1360 non
669 1297 821 1362 firissent:
847 1298 956 1364 multis
976 1301 1167 1386 magnisque
1189 1321 1259 1385 pre·

132 1379 294 1445 dictorum
322 1381 522 1464 privatorum
543 1379 709 1446 laboribus
735 1389 768 1446 et
789 1384 940 1466 expensis
967 1383 1258 1470 circapredictum

131 1485 243 1547 regem
272 1485 331 1550 per
359 1463 526 1528 dominum
552 1463 720 1545 Albertum
751 1465 791 1530 de
814 1466 982 1531 Hoenloch
1010 1470 1199 1532 canonicum
1227 1476 1260 1532 et

132 1547 302 1612 Nicolaum
317 1547 358 1611 de
373 1547 499 1634 Lepide
514 1549 617 1612 eciam
633 1551 824 1614 canonicum
839 1533 967 1632 habitat,
983 1554 1127 1636 graciam
1141 1552 1258 1637 partim

132 1632 256 1696 domini
281 1631 518 1718 archiepiscopi
538 1634 709 1696 memorati
736 1633 798 1698 sibi
825 1643 857 1698 et
878 1635 944 1698 suis
967 1635 1180 1721 complicibus
1201 1636 1260 1699 im-

133 1725 312 1802 petrarunt,
342 1726 548 1802 preterquam
576 1717 663 1802 quod
686 1727 824 1803 quatuor
845 1720 990 1803 ipsorum
1013 1720 1046 1782 in
1069 1721 1260 1784 consistorio

132 1798 264 1886 publico
277 1798 412 1865 ecclesie
420 1801 733 1886 Maguntineosirper
744 1802 902 1886 prefatum
912 1803 1077 1867 dominum
1083 1803 1261 1868 Iohannem

133 1883 413 1970 archiepiscopum
446 1894 520 1949 sunt
548 1887 683 1970 privati3
718 1907 853 1971 quorum
883 1909 967 1950 unus
996 1887 1058 1950 fuit
1084 1909 1191 1952 eomes
1220 1887 1261 1951 de

133 1967 307 2032 Teecken¹
339 1969 514 2033 canonicus
543 1979 575 2034 et
609 1979 717 2034 custos
746 1969 897 2050 ecclesie,
933 1970 1015 2036 alius
1040 1969 1193 2036 Albertus
1220 1971 1261 2035 de

133 2051 304 2118 Hoenloch
319 2057 526 2138 prescriptae,
549 2055 669 2118 tercius
684 2063 716 2118 et
731 2065 865 2140 quartus
881 2055 1067 2121 Dietmarus
1088 2055 1128 2120 de
1145 2054 1261 2120 Walen

134 2145 168 2201 et
189 2135 349 2200 Iohannes
378 2136 419 2202 de
441 2136 657 2202 Oolnhusen².
707 2137 774 2218 Qui
801 2148 918 2223 expost
944 2162 964 2204 a
984 2161 1070 2224 papa
1091 2139 1261 2204 Bonifacio

135 2230 211 2284 sunt
238 2220 386 2302 restituti,
413 2230 579 2306 portantes
606 2243 717 2286 secum
746 2220 850 2286 bullas
882 2231 915 2286 et
945 2245 1118 2308 processus
1150 2245 1261 2310 ymmo

135 2302 273 2376 multum
294 2325 420 2387 graves,
446 2303 591 2388 legentes
619 2305 748 2369 eosdem
775 2327 835 2390 per
857 2307 998 2370 edictum
1020 2307 1054 2369 in
1076 2306 1263 2371 Wormacia

136 2397 170 2453 et
190 2385 285 2468 alibi,
308 2397 420 2452 contra
442 2409 523 2473 quos
538 2388 687 2452 dominus
702 2389 911 2473 Magantinus
933 2389 1118 2476 appellavit,
1140 2391 1262 2455 habens

137 2470 371 2536 confidenciam
407 2473 511 2536 tocius
548 2471 625 2537 cleri
657 2473 933 2558 Maguntineaair,
969 2473 1119 2538 laborans
1155 2475 1262 2538 medio

137 2566 283 2640 tempore
316 2577 414 2641 super
447 2557 650 2621 revocatione
680 2558 906 2642 predictorum.
959 2557 1156 2624 Fulminatio
1182 2579 1261 2623 vero

136 2660 347 2725 processuum
374 2639 613 2725 predictorum²
639 2641 725 2706 facta
757 2651 806 2706 est
831 2663 891 2727 per
919 2643 1108 2729 episcopum
1138 2645 1262 2728 Argen·

136 2725 295 2788 tinensem
332 2744 416 2787 anno
452 2725 503 2790 99.
546 2733 621 2810 post
663 2725 779 2790 festum
823 2735 932 2791 sancte
969 2727 1155 2808 Trinitatis,
1207 2727 1261 2812 qui
1274 2728 1364 2828 2³92,

138 2807 314 2873 eorundem
350 2806 427 2873 *fuit
462 2817 632 2890 executor3
677 2809 820 2894 predicta
855 2831 933 2875 vero
969 2811 1155 2876 fulmiuacio
1190 2799 1373 2958 pro-affin]

139 2913 288 2956 cessuum
316 2903 467 2958 revocata
494 2901 543 2958 est
570 2915 590 2956 a
616 2893 748 2957 domino
771 2893 937 3041 Bonifacio
962 2896 996 2958 in
1018 2917 1128 2961 mense
1150 2917 1188 2960 eo
1213 2917 1263 2959 em

138 2977 238 3040 tercia
267 2976 320 3039 die
348 2986 422 3061 post
448 2976 566 3041 festum
591 2976 744 3041 lobannis
796 2979 924 3062 aptista,
951 2988 982 3044 et
1009 2981 1055 3044 sic
1083 2981 1371 3058 troanumraaa

136 3057 376 3125 laboraverunt.
1066 3121 1068 3126 .

223 3111 596 3238 Itemffllss,
618 3145 719 3208 tercia
748 3144 799 3208 die
821 3155 896 3230 post
917 3145 1075 3211 Bonifacii
1103 3149 1355 3232 martyrisata.

140 3226 276 3292 durante
307 3229 458 3293 scismate
490 3251 549 3315 per
575 3230 691 3314 viginti
723 3249 824 3292 annos
856 3237 889 3293 et
921 3229 1059 3315 amplius
1091 3231 1125 3294 in
1154 3241 1265 3296 sancta

139 3309 277 3376 ccclesia
305 3310 471 3392 catholica,
504 3313 733 3378 monasterium
762 3313 873 3377 Sancti
908 3313 1068 3378 Bonifacii
1099 3317 1133 3378 in
1159 3313 1265 3379 Fulda

140 3403 358 3461 constructum
385 3417 428 3460 ex
454 3396 566 3462 divina
592 3396 805 3488 permissione
826 3417 853 3483 a
878 3396 1011 3462 fulmine
1039 3408 1146 3484 preter
1167 3419 1266 3463 unam

571 3479 732 3588 &itm

141 3603 165 3656 a)
179 3606 278 3656 §dictor
294 3603 442 3646 fulmination
452 3608 556 3664 pcessuu
567 3593 749 3667 pfdtctqrumcq
770 3605 801 3648 W.
811 3605 913 3646 coniecit:
928 3606 1093 3656 predictorum.
1115 3608 1266 3661 Fulminatio,

141 3664 290 3714 quadriceps,
306 3664 351 3703 nisi
366 3665 424 3714 qaod
439 3663 572 3704 fulminatio
588 3675 644 3705 vcro
657 3675 701 3714 pro
716 3664 868 3705 fulminatton
880 3666 953 3715 pomi.

144 3812 172 3879 1)
209 3814 324 3866 Teeclcea
344 3813 424 3880 falso
452 3823 490 3866 est
518 3814 652 3880 scripture
677 3832 728 3880 pro
756 3816 899 3870 Riaeckeri.
948 3816 988 3882 Of.
1016 3815 1130 3868 iadicem
1158 3818 1266 3868 canoni-

142 3903 233 3937 corum
258 3887 395 3938 custodum
419 3889 494 3954 opud
513 3888 641 3940 Ioannem
659 3888 702 3952 II,
725 3907 754 3954 p.
772 3892 835 3942 312.
923 3887 954 3955 2)
979 3889 1115 3941 Iohannes
1136 3890 1169 3940 de
1190 3889 1265 3942 Colu-

141 3959 226 4010 ltucca
264 3960 412 4010 licentiatus
448 3966 472 4012 et
509 3959 652 4012 ccccouicua
691 3971 783 4013 auctor
819 3962 881 4030 scit
920 3963 1078 4016 collectionis
1111 3961 1267 4030 pricileyio-

142 4048 202 4082 rum
239 4033 361 4083 eccleciae
392 4033 483 4099 May„
513 4051 593 4100 quom
623 4034 739 4100 archiep.
772 4035 893 4088 Conrado
924 4036 966 4087 ΙΙ.
997 4038 1035 4103 (a.
1059 4037 1266 4101 teau-1396)
1357 4082 1358 4086 ,

142 4101 283 4157 dedicauit.
319 4104 384 4156 cot.
407 4107 513 4157 membr.
537 4115 574 4158 cat
598 4106 627 4158 iri
647 4107 763 4158 archivis
781 4107 860 4176 reqiis
886 4109 1141 4178 erceburqcrraibus
1162 4109 1200 4160 M.
1223 4113 1266 4162 20,

144 4175 272 4227 Querar
311 4178 400 4228 coelem
430 4179 554 4230 utebatur
590 4180 620 4230 irc
657 4180 811 4232 bibliothece
841 4181 953 4246 capituli
983 4183 1093 4234 maioris
1099 4201 1108 4244 ;
1146 4200 1172 4235 u.
1204 4183 1265 4237 cod.

142 4247 234 4370 Dipg.6
252 4249 414 4373 prbddll.
459 4250 498 4316 Of.
525 4253 558 4303 de
584 4253 635 4304 hec
660 4254 808 4306 collectione
832 4255 1072 4320 ‘Verfaaa-Gcaclr.
1103 4273 1129 4306 v.
1160 4254 1266 4306 Maiaa'

138 4337 168 4387 p.
254 4339 285 4374 aa
344 4357 351 4373 .
