<?xml version="1.0" encoding="UTF-8"?>
<!DOCTYPE html PUBLIC "-//W3C//DTD XHTML 1.0 Transitional//EN"
    "http://www.w3.org/TR/xhtml1/DTD/xhtml1-transitional.dtd">
<html xmlns="http://www.w3.org/1999/xhtml" xml:lang="en" lang="en">
 <head>
  <title>
</title>
<meta http-equiv="Content-Type" content="text/html;charset=utf-8" />
  <meta name='ocr-system' content='tesseract 3.04.00' />
  <meta name='ocr-capabilities' content='ocr_page ocr_carea ocr_par ocr_line ocrx_word'/>
</head>
<body>
  <div class='ocr_page' id='page_1' title='image "./chroniconmogunt00hegegoog_0096.png"; bbox 0 0 3088 4962; ppageno 0'>
   <div class='ocr_carea' id='block_1_1' title="bbox 258 361 1140 416">
    <p class='ocr_par' dir='ltr' id='par_1_1' title="bbox 258 361 1140 416">
     <span class='ocr_line' id='line_1_1' title="bbox 258 361 1140 416; baseline 0.003 -3"><span class='ocrx_word' id='word_1_1' title='bbox 258 361 292 413; x_wconf 79' lang='lat' dir='ltr'><strong>ut</strong></span> <span class='ocrx_word' id='word_1_2' title='bbox 489 361 697 416; x_wconf 76' lang='lat' dir='ltr'><strong>unuomcou</strong></span> <span class='ocrx_word' id='word_1_3' title='bbox 715 361 969 414; x_wconf 83' lang='lat' dir='ltr'>MOGUNTINUM.</span> <span class='ocrx_word' id='word_1_4' title='bbox 1005 363 1038 415; x_wconf 81' lang='lat' dir='ltr'><strong>A.</strong></span> <span class='ocrx_word' id='word_1_5' title='bbox 1061 361 1140 416; x_wconf 77' lang='lat'><strong>13⁷0.</strong></span> 
     </span>
    </p>
   </div>
   <div class='ocr_carea' id='block_1_2' title="bbox 163 529 1383 1372">
    <p class='ocr_par' dir='ltr' id='par_1_2' title="bbox 163 529 1375 1122">
     <span class='ocr_line' id='line_1_2' title="bbox 340 529 1375 618; baseline -0.002 -23"><span class='ocrx_word' id='word_1_6' title='bbox 340 530 380 595; x_wconf 90' lang='lat' dir='ltr'><strong>In</strong></span> <span class='ocrx_word' id='word_1_7' title='bbox 411 529 465 596; x_wconf 93' lang='lat' dir='ltr'><strong>illo</strong></span> <span class='ocrx_word' id='word_1_8' title='bbox 497 539 641 618; x_wconf 88' lang='lat' dir='ltr'><strong>tempore</strong></span> <span class='ocrx_word' id='word_1_9' title='bbox 669 530 828 596; x_wconf 89' lang='lat' dir='ltr'><strong>Iohannes</strong></span> <span class='ocrx_word' id='word_1_10' title='bbox 862 551 967 595; x_wconf 90' lang='lat' dir='ltr'><strong>comes</strong></span> <span class='ocrx_word' id='word_1_11' title='bbox 1000 529 1040 593; x_wconf 89' lang='lat' dir='ltr'><strong>de</strong></span> <span class='ocrx_word' id='word_1_12' title='bbox 1065 529 1218 594; x_wconf 87' lang='lat' dir='ltr'><strong>Nassaw¹</strong></span> <span class='ocrx_word' id='word_1_13' title='bbox 1255 530 1375 596; x_wconf 71' lang='lat' dir='ltr'><strong>frater*</strong></span> 
     </span>
     <span class='ocr_line' id='line_1_3' title="bbox 163 595 1375 701; baseline -0.001 -21"><span class='ocrx_word' id='word_1_14' title='bbox 163 595 227 694; x_wconf 71' lang='lat' dir='ltr'><em>s</em></span> <span class='ocrx_word' id='word_1_15' title='bbox 258 613 385 680; x_wconf 82' lang='lat' dir='ltr'><strong>Gerlaci</strong></span> <span class='ocrx_word' id='word_1_16' title='bbox 413 615 644 701; x_wconf 87' lang='lat' dir='ltr'><strong>archiepiscopi</strong></span> <span class='ocrx_word' id='word_1_17' title='bbox 671 615 868 700; x_wconf 79' lang='lat' dir='ltr'><strong>Mogunta&#39;ni,</strong></span> <span class='ocrx_word' id='word_1_18' title='bbox 903 613 1030 699; x_wconf 84' lang='lat' dir='ltr'>collegit</span> <span class='ocrx_word' id='word_1_19' title='bbox 1057 615 1232 678; x_wconf 87' lang='lat' dir='ltr'><strong>exercitum</strong></span> <span class='ocrx_word' id='word_1_20' title='bbox 1258 613 1375 679; x_wconf 89' lang='lat' dir='ltr'><strong>fortem</strong></span> 
     </span>
     <span class='ocr_line' id='line_1_4' title="bbox 256 693 1373 786; baseline -0.003 -21"><span class='ocrx_word' id='word_1_21' title='bbox 256 698 419 786; x_wconf 88' lang='lat' dir='ltr'><strong>voluitque</strong></span> <span class='ocrx_word' id='word_1_22' title='bbox 450 721 569 764; x_wconf 92' lang='lat' dir='ltr'><strong>novum</strong></span> <span class='ocrx_word' id='word_1_23' title='bbox 603 707 742 764; x_wconf 81' lang='lat' dir='ltr'><strong>castrum</strong></span> <span class='ocrx_word' id='word_1_24' title='bbox 769 699 890 784; x_wconf 85' lang='lat' dir='ltr'><strong>erigere</strong></span> <span class='ocrx_word' id='word_1_25' title='bbox 915 699 950 762; x_wconf 92' lang='lat' dir='ltr'><strong>in</strong></span> <span class='ocrx_word' id='word_1_26' title='bbox 978 697 1123 762; x_wconf 88' lang='lat' dir='ltr'><strong>confiniis</strong></span> <span class='ocrx_word' id='word_1_27' title='bbox 1139 693 1373 783; x_wconf 75' lang='lat' dir='ltr'><strong>twesterburg,</strong></span> 
     </span>
     <span class='ocr_line' id='line_1_5' title="bbox 257 764 1374 869; baseline -0.001 -22"><span class='ocrx_word' id='word_1_28' title='bbox 257 781 314 847; x_wconf 86' lang='lat' dir='ltr'><strong>sed</strong></span> <span class='ocrx_word' id='word_1_29' title='bbox 335 784 398 869; x_wconf 92' lang='lat' dir='ltr'><strong>ipsi</strong></span> <span class='ocrx_word' id='word_1_30' title='bbox 419 783 459 848; x_wconf 92' lang='lat' dir='ltr'><strong>de</strong></span> <span class='ocrx_word' id='word_1_31' title='bbox 480 783 693 868; x_wconf 84' lang='lat' dir='ltr'><strong>Westerburg</strong></span> <span class='ocrx_word' id='word_1_32' title='bbox 712 791 816 848; x_wconf 88' lang='lat' dir='ltr'><strong>totum</strong></span> <span class='ocrx_word' id='word_1_33' title='bbox 831 781 990 847; x_wconf 89' lang='lat' dir='ltr'><strong>edificium</strong></span> <span class='ocrx_word' id='word_1_34' title='bbox 1004 764 1295 866; x_wconf 53' lang='lat' dir='ltr'><strong>lignorurdsc‘um‘</strong></span> <span class='ocrx_word' id='word_1_35' title='bbox 1290 791 1374 848; x_wconf 92' lang='lat' dir='ltr'><strong>esset</strong></span> 
     </span>
     <span class='ocr_line' id='line_1_6' title="bbox 255 866 1373 953; baseline -0.003 -21"><span class='ocrx_word' id='word_1_36' title='bbox 255 868 291 932; x_wconf 91' lang='lat' dir='ltr'><strong>in</strong></span> <span class='ocrx_word' id='word_1_37' title='bbox 302 868 356 932; x_wconf 90' lang='lat' dir='ltr'><strong>via</strong></span> <span class='ocrx_word' id='word_1_38' title='bbox 371 889 467 953; x_wconf 89' lang='lat' dir='ltr'><strong>super</strong></span> <span class='ocrx_word' id='word_1_39' title='bbox 479 866 634 952; x_wconf 85' lang='lat' dir='ltr'><strong>vehicula,</strong></span> <span class='ocrx_word' id='word_1_40' title='bbox 654 875 837 933; x_wconf 84' lang='lat' dir='ltr'><strong>resecanmt</strong></span> <span class='ocrx_word' id='word_1_41' title='bbox 855 875 886 930; x_wconf 89' lang='lat' dir='ltr'><strong>et</strong></span> <span class='ocrx_word' id='word_1_42' title='bbox 900 866 1127 931; x_wconf 82' lang='lat' dir='ltr'><strong>destruxenmt</strong></span> <span class='ocrx_word' id='word_1_43' title='bbox 1140 875 1181 948; x_wconf 87' lang='lat' dir='ltr'><strong>et,</strong></span> <span class='ocrx_word' id='word_1_44' title='bbox 1202 876 1373 952; x_wconf 82' lang='lat' dir='ltr'><strong>antequam</strong></span> 
     </span>
     <span class='ocr_line' id='line_1_7' title="bbox 256 949 1374 1038; baseline -0.003 -21"><span class='ocrx_word' id='word_1_45' title='bbox 256 951 415 1017; x_wconf 88' lang='lat' dir='ltr'><strong>exercitus</strong></span> <span class='ocrx_word' id='word_1_46' title='bbox 443 951 623 1035; x_wconf 75' lang='lat' dir='ltr'><strong>adveniret,</strong></span> <span class='ocrx_word' id='word_1_47' title='bbox 650 973 760 1016; x_wconf 86' lang='lat' dir='ltr'><strong>omnes</strong></span> <span class='ocrx_word' id='word_1_48' title='bbox 788 973 890 1038; x_wconf 87' lang='lat' dir='ltr'>prope</span> <span class='ocrx_word' id='word_1_49' title='bbox 916 949 1002 1014; x_wconf 89' lang='lat' dir='ltr'><strong>dieta</strong></span> <span class='ocrx_word' id='word_1_50' title='bbox 1028 949 1174 1015; x_wconf 85' lang='lat' dir='ltr'><strong>vehicula</strong></span> <span class='ocrx_word' id='word_1_51' title='bbox 1202 952 1374 1015; x_wconf 80' lang='lat' dir='ltr'><strong>existentes</strong></span> 
     </span>
     <span class='ocr_line' id='line_1_8' title="bbox 255 1033 1374 1122; baseline -0.003 -22"><span class='ocrx_word' id='word_1_52' title='bbox 255 1044 323 1100; x_wconf 87' lang='lat' dir='ltr'><strong>tam</strong></span> <span class='ocrx_word' id='word_1_53' title='bbox 343 1036 487 1100; x_wconf 91' lang='lat' dir='ltr'><strong>homines</strong></span> <span class='ocrx_word' id='word_1_54' title='bbox 509 1057 606 1122; x_wconf 91' lang='lat' dir='ltr'><strong>quam</strong></span> <span class='ocrx_word' id='word_1_55' title='bbox 628 1057 727 1120; x_wconf 91' lang='lat' dir='ltr'><strong>equos</strong></span> <span class='ocrx_word' id='word_1_56' title='bbox 742 1037 943 1122; x_wconf 80' lang='lat' dir='ltr'><strong>captivarunt</strong></span> <span class='ocrx_word' id='word_1_57' title='bbox 964 1043 996 1100; x_wconf 91' lang='lat' dir='ltr'><strong>et</strong></span> <span class='ocrx_word' id='word_1_58' title='bbox 1010 1035 1165 1121; x_wconf 89' lang='lat' dir='ltr'><strong>quosdam</strong></span> <span class='ocrx_word' id='word_1_59' title='bbox 1181 1033 1374 1100; x_wconf 85' lang='lat' dir='ltr'><strong>occiderunt.</strong></span> 
     </span>
    </p>

    <p class='ocr_par' dir='ltr' id='par_1_3' title="bbox 255 1119 1383 1372">
     <span class='ocr_line' id='line_1_9' title="bbox 255 1119 671 1185; baseline -0.002 -1"><span class='ocrx_word' id='word_1_60' title='bbox 255 1120 321 1184; x_wconf 64' lang='lat' dir='ltr'><strong>Etr</strong></span> <span class='ocrx_word' id='word_1_61' title='bbox 343 1120 389 1184; x_wconf 91' lang='lat' dir='ltr'><strong>sic</strong></span> <span class='ocrx_word' id='word_1_62' title='bbox 408 1119 562 1184; x_wconf 86' lang='lat' dir='ltr'><strong>frustatus</strong></span> <span class='ocrx_word' id='word_1_63' title='bbox 583 1119 671 1185; x_wconf 89' lang='lat' dir='ltr'><strong>abiit.</strong></span> 
     </span>
     <span class='ocr_line' id='line_1_10' title="bbox 339 1201 1383 1289; baseline -0.002 -21"><span class='ocrx_word' id='word_1_64' title='bbox 339 1204 421 1269; x_wconf 90' lang='lat' dir='ltr'><strong>Item</strong></span> <span class='ocrx_word' id='word_1_65' title='bbox 442 1204 476 1266; x_wconf 92' lang='lat' dir='ltr'><strong>in</strong></span> <span class='ocrx_word' id='word_1_66' title='bbox 491 1201 624 1268; x_wconf 82' lang='lat' dir='ltr'>Octobri</span> <span class='ocrx_word' id='word_1_67' title='bbox 637 1203 776 1268; x_wconf 88' lang='lat' dir='ltr'><strong>Karolus</strong></span> <span class='ocrx_word' id='word_1_68' title='bbox 790 1205 963 1289; x_wconf 88' lang='lat' dir='ltr'><strong>imperator</strong></span> <span class='ocrx_word' id='word_1_69' title='bbox 985 1223 1021 1267; x_wconf 89' lang='lat' dir='ltr'><strong>co</strong></span> <span class='ocrx_word' id='word_1_70' title='bbox 1045 1202 1146 1266; x_wconf 90' lang='lat' dir='ltr'><strong>ulavit</strong></span> <span class='ocrx_word' id='word_1_71' title='bbox 1158 1201 1259 1266; x_wconf 90' lang='lat' dir='ltr'><strong>filium</strong></span> <span class='ocrx_word' id='word_1_72' title='bbox 1281 1223 1383 1282; x_wconf 60' lang='lat' dir='ltr'><strong>suum,</strong></span> 
     </span>
     <span class='ocr_line' id='line_1_11' title="bbox 256 1225 1374 1372; baseline -0.004 -19"><span class='ocrx_word' id='word_1_73' title='bbox 256 1285 495 1353; x_wconf 83' lang='lat' dir='ltr'><strong>Wentzeslaum</strong></span> <span class='ocrx_word' id='word_1_74' title='bbox 503 1309 612 1372; x_wconf 85' lang='lat' dir='ltr'><strong>regem</strong></span> <span class='ocrx_word' id='word_1_75' title='bbox 619 1285 773 1353; x_wconf 90' lang='lat' dir='ltr'><strong>Bohemie</strong></span> <span class='ocrx_word' id='word_1_76' title='bbox 783 1287 847 1352; x_wconf 88' lang='lat' dir='ltr'><strong>filie</strong></span> <span class='ocrx_word' id='word_1_77' title='bbox 855 1288 978 1352; x_wconf 87' lang='lat' dir='ltr'><strong>comitis</strong></span> <span class='ocrx_word' id='word_1_78' title='bbox 987 1225 1145 1368; x_wconf 70' lang='lat' dir='ltr'><strong>silente,</strong></span> <span class='ocrx_word' id='word_1_79' title='bbox 1158 1286 1374 1352; x_wconf 77' lang='lat' dir='ltr'><strong>ethabuertmt</strong></span> 
     </span>
    </p>
   </div>
   <div class='ocr_carea' id='block_1_3' title="bbox 256 1370 1372 1520">
    <p class='ocr_par' dir='ltr' id='par_1_4' title="bbox 256 1370 1372 1520">
     <span class='ocr_line' id='line_1_12' title="bbox 256 1370 1372 1520; baseline -0.003 -85"><span class='ocrx_word' id='word_1_80' title='bbox 256 1373 385 1458; x_wconf 81' lang='lat' dir='ltr'><strong>nuptias</strong></span> <span class='ocrx_word' id='word_1_81' title='bbox 405 1372 440 1434; x_wconf 94' lang='lat' dir='ltr'><strong>in</strong></span> <span class='ocrx_word' id='word_1_82' title='bbox 453 1370 656 1457; x_wconf 82' lang='lat' dir='ltr'><strong>Norenberg3</strong></span> <span class='ocrx_word' id='word_1_83' title='bbox 677 1372 723 1437; x_wconf 92' lang='lat' dir='ltr'><strong>ibi</strong></span> <span class='ocrx_word' id='word_1_84' title='bbox 737 1372 866 1436; x_wconf 89' lang='lat' dir='ltr'><strong>fuerunt</strong></span> <span class='ocrx_word' id='word_1_85' title='bbox 880 1371 971 1436; x_wconf 91' lang='lat' dir='ltr'><strong>multi</strong></span> <span class='ocrx_word' id='word_1_86' title='bbox 978 1372 1145 1520; x_wconf 64' lang='lat' dir='ltr'><strong>principes</strong></span> <span class='ocrx_word' id='word_1_87' title='bbox 1160 1380 1192 1436; x_wconf 89' lang='lat' dir='ltr'><strong>et</strong></span> <span class='ocrx_word' id='word_1_88' title='bbox 1205 1371 1340 1437; x_wconf 87' lang='lat' dir='ltr'><strong>barones</strong></span> <span class='ocrx_word' id='word_1_89' title='bbox 1350 1379 1372 1432; x_wconf 85' lang='lat'><strong>².</strong></span> 
     </span>
    </p>
   </div>
   <div class='ocr_carea' id='block_1_4' title="bbox 150 1453 1397 3308">
    <p class='ocr_par' dir='ltr' id='par_1_5' title="bbox 150 1453 1397 3308">
     <span class='ocr_line' id='line_1_13' title="bbox 340 1453 1374 1542; baseline -0.002 -23"><span class='ocrx_word' id='word_1_90' title='bbox 340 1455 423 1521; x_wconf 86' lang='lat' dir='ltr'><strong>Item</strong></span> <span class='ocrx_word' id='word_1_91' title='bbox 452 1456 536 1521; x_wconf 91' lang='lat' dir='ltr'><strong>circa</strong></span> <span class='ocrx_word' id='word_1_92' title='bbox 568 1455 654 1521; x_wconf 90' lang='lat' dir='ltr'><strong>idem</strong></span> <span class='ocrx_word' id='word_1_93' title='bbox 681 1464 808 1542; x_wconf 90' lang='lat' dir='ltr'><strong>tempus</strong></span> <span class='ocrx_word' id='word_1_94' title='bbox 841 1465 951 1522; x_wconf 91' lang='lat' dir='ltr'><strong>autore</strong></span> <span class='ocrx_word' id='word_1_95' title='bbox 1008 1465 1120 1542; x_wconf 83' lang='lat' dir='ltr'><strong>uperto</strong></span> <span class='ocrx_word' id='word_1_96' title='bbox 1149 1455 1232 1520; x_wconf 91' lang='lat' dir='ltr'><strong>Rufo</strong></span> <span class='ocrx_word' id='word_1_97' title='bbox 1259 1453 1374 1520; x_wconf 89' lang='lat' dir='ltr'><strong>comite</strong></span> 
     </span>
     <span class='ocr_line' id='line_1_14' title="bbox 150 1537 1373 1639; baseline 0.001 -39"><span class='ocrx_word' id='word_1_98' title='bbox 150 1546 186 1600; x_wconf 74' lang='grc'><strong>*1.</strong></span> <span class='ocrx_word' id='word_1_99' title='bbox 196 1541 269 1595; x_wconf 70' lang='lat' dir='ltr'><strong>loc*</strong></span> <span class='ocrx_word' id='word_1_100' title='bbox 300 1538 417 1604; x_wconf 91' lang='lat' dir='ltr'><strong>alatino</strong></span> <span class='ocrx_word' id='word_1_101' title='bbox 446 1539 543 1606; x_wconf 92' lang='lat' dir='ltr'><strong>duces</strong></span> <span class='ocrx_word' id='word_1_102' title='bbox 571 1540 708 1605; x_wconf 90' lang='lat' dir='ltr'><strong>Bavarie</strong></span> <span class='ocrx_word' id='word_1_103' title='bbox 734 1541 839 1605; x_wconf 54' lang='lat' dir='ltr'><strong>suist.</strong></span> <span class='ocrx_word' id='word_1_104' title='bbox 862 1589 891 1623; x_wconf 88' lang='lat'><strong>.,</strong></span> <span class='ocrx_word' id='word_1_105' title='bbox 927 1540 1149 1639; x_wconf 78' lang='lat' dir='ltr'><strong>marggravius</strong></span> <span class='ocrx_word' id='word_1_106' title='bbox 1185 1539 1226 1604; x_wconf 90' lang='lat' dir='ltr'><strong>de</strong></span> <span class='ocrx_word' id='word_1_107' title='bbox 1252 1537 1373 1618; x_wconf 84' lang='lat' dir='ltr'><strong>Baden,</strong></span> 
     </span>
     <span class='ocr_line' id='line_1_15' title="bbox 280 1622 1397 1710; baseline -0.004 -20"><span class='ocrx_word' id='word_1_108' title='bbox 280 1625 404 1690; x_wconf 91' lang='lat' dir='ltr'><strong>ominus</strong></span> <span class='ocrx_word' id='word_1_109' title='bbox 419 1623 459 1689; x_wconf 92' lang='lat' dir='ltr'><strong>de</strong></span> <span class='ocrx_word' id='word_1_110' title='bbox 470 1624 677 1710; x_wconf 84' lang='lat' dir='ltr'><strong>Wirtenberg</strong></span> <span class='ocrx_word' id='word_1_111' title='bbox 690 1634 723 1690; x_wconf 90' lang='lat' dir='ltr'><strong>et</strong></span> <span class='ocrx_word' id='word_1_112' title='bbox 736 1647 845 1689; x_wconf 90' lang='lat' dir='ltr'><strong>eorum</strong></span> <span class='ocrx_word' id='word_1_113' title='bbox 860 1624 1027 1706; x_wconf 76' lang='lat' dir='ltr'><strong>auxiliarii,</strong></span> <span class='ocrx_word' id='word_1_114' title='bbox 1043 1625 1127 1688; x_wconf 89' lang='lat' dir='ltr'><strong>circa</strong></span> <span class='ocrx_word' id='word_1_115' title='bbox 1140 1623 1225 1688; x_wconf 89' lang='lat' dir='ltr'><strong>mille</strong></span> <span class='ocrx_word' id='word_1_116' title='bbox 1236 1622 1351 1709; x_wconf 81' lang='lat' dir='ltr'><strong>galeati</strong></span> <span class='ocrx_word' id='word_1_117' title='bbox 1359 1622 1397 1676; x_wconf 62' lang='lat' dir='ltr'><strong>“a</strong></span> 
     </span>
     <span class='ocr_line' id='line_1_16' title="bbox 257 1707 1376 1794; baseline -0.004 -20"><span class='ocrx_word' id='word_1_118' title='bbox 257 1707 468 1774; x_wconf 90' lang='lat' dir='ltr'><strong>ascenderunt</strong></span> <span class='ocrx_word' id='word_1_119' title='bbox 499 1709 693 1773; x_wconf 86' lang='lat' dir='ltr'><strong>territorium</strong></span> <span class='ocrx_word' id='word_1_120' title='bbox 720 1707 890 1774; x_wconf 89' lang='lat' dir='ltr'><strong>Walframi</strong></span> <span class='ocrx_word' id='word_1_121' title='bbox 923 1709 1048 1772; x_wconf 89' lang='lat' dir='ltr'><strong>comitis</strong></span> <span class='ocrx_word' id='word_1_122' title='bbox 1078 1709 1113 1771; x_wconf 92' lang='lat' dir='ltr'><strong>in</strong></span> <span class='ocrx_word' id='word_1_123' title='bbox 1143 1707 1316 1794; x_wconf 88' lang='lat' dir='ltr'><strong>Spanheim</strong></span> <span class='ocrx_word' id='word_1_124' title='bbox 1342 1714 1376 1770; x_wconf 88' lang='lat' dir='ltr'><strong>et</strong></span> 
     </span>
     <span class='ocr_line' id='line_1_17' title="bbox 257 1789 1374 1878; baseline -0.002 -22"><span class='ocrx_word' id='word_1_125' title='bbox 257 1792 463 1856; x_wconf 85' lang='lat' dir='ltr'><strong>devastanmt</strong></span> <span class='ocrx_word' id='word_1_126' title='bbox 477 1794 605 1856; x_wconf 90' lang='lat' dir='ltr'><strong>omnino</strong></span> <span class='ocrx_word' id='word_1_127' title='bbox 621 1801 653 1858; x_wconf 84' lang='lat' dir='ltr'><strong>ct</strong></span> <span class='ocrx_word' id='word_1_128' title='bbox 667 1792 842 1878; x_wconf 88' lang='lat' dir='ltr'><strong>predarunt</strong></span> <span class='ocrx_word' id='word_1_129' title='bbox 857 1813 965 1858; x_wconf 92' lang='lat' dir='ltr'><strong>omnes</strong></span> <span class='ocrx_word' id='word_1_130' title='bbox 985 1793 1250 1858; x_wconf 79' lang='lat' dir='ltr'><strong>circumsedentes</strong></span> <span class='ocrx_word' id='word_1_131' title='bbox 1272 1789 1374 1872; x_wconf 89' lang='lat' dir='ltr'><strong>villas,</strong></span> 
     </span>
     <span class='ocr_line' id='line_1_18' title="bbox 255 1875 1376 1962; baseline -0.001 -22"><span class='ocrx_word' id='word_1_132' title='bbox 255 1875 335 1940; x_wconf 90' lang='lat' dir='ltr'><strong>nulli</strong></span> <span class='ocrx_word' id='word_1_133' title='bbox 347 1885 524 1962; x_wconf 82' lang='lat' dir='ltr'><strong>parcentes,</strong></span> <span class='ocrx_word' id='word_1_134' title='bbox 546 1885 578 1940; x_wconf 91' lang='lat' dir='ltr'><strong>ct</strong></span> <span class='ocrx_word' id='word_1_135' title='bbox 598 1875 761 1962; x_wconf 85' lang='lat' dir='ltr'><strong>fugienmt</strong></span> <span class='ocrx_word' id='word_1_136' title='bbox 782 1899 891 1942; x_wconf 88' lang='lat' dir='ltr'><strong>omnes</strong></span> <span class='ocrx_word' id='word_1_137' title='bbox 905 1899 1051 1942; x_wconf 90' lang='lat' dir='ltr'><strong>rurenses</strong></span> <span class='ocrx_word' id='word_1_138' title='bbox 1074 1878 1133 1941; x_wconf 89' lang='lat' dir='ltr'><strong>sub</strong></span> <span class='ocrx_word' id='word_1_139' title='bbox 1155 1877 1240 1942; x_wconf 91' lang='lat' dir='ltr'><strong>dicto</strong></span> <span class='ocrx_word' id='word_1_140' title='bbox 1260 1875 1376 1939; x_wconf 89' lang='lat' dir='ltr'><strong>comite</strong></span> 
     </span>
     <span class='ocr_line' id='line_1_19' title="bbox 256 1959 1376 2055; baseline -0.004 -31"><span class='ocrx_word' id='word_1_141' title='bbox 256 1959 472 2043; x_wconf 86' lang='lat' dir='ltr'><strong>consistentes,</strong></span> <span class='ocrx_word' id='word_1_142' title='bbox 487 1967 519 2023; x_wconf 90' lang='lat' dir='ltr'><strong>et</strong></span> <span class='ocrx_word' id='word_1_143' title='bbox 531 1982 624 2025; x_wconf 90' lang='lat' dir='ltr'><strong>nemo</strong></span> <span class='ocrx_word' id='word_1_144' title='bbox 635 1960 849 2026; x_wconf 66' lang='lat' dir='ltr'><strong>auxiliabatur</strong></span> <span class='ocrx_word' id='word_1_145' title='bbox 861 1963 924 2048; x_wconf 91' lang='lat' dir='ltr'><strong>ipsi</strong></span> <span class='ocrx_word' id='word_1_146' title='bbox 937 1969 1069 2047; x_wconf 89' lang='lat' dir='ltr'><strong>propter</strong></span> <span class='ocrx_word' id='word_1_147' title='bbox 1072 1959 1264 2055; x_wconf 59' lang='lat' dir='ltr'><strong>Qssdllaw</strong></span> <span class='ocrx_word' id='word_1_148' title='bbox 1278 1980 1376 2046; x_wconf 89' lang='lat' dir='ltr'><strong>quam</strong></span> 
     </span>
     <span class='ocr_line' id='line_1_20' title="bbox 257 2042 1376 2130; baseline -0.004 -20"><span class='ocrx_word' id='word_1_149' title='bbox 257 2052 443 2110; x_wconf 87' lang='lat' dir='ltr'><strong>exercuerat</strong></span> <span class='ocrx_word' id='word_1_150' title='bbox 457 2044 648 2130; x_wconf 89' lang='lat' dir='ltr'><strong>captivando</strong></span> <span class='ocrx_word' id='word_1_151' title='bbox 669 2045 833 2110; x_wconf 89' lang='lat' dir='ltr'><strong>dominum</strong></span> <span class='ocrx_word' id='word_1_152' title='bbox 854 2045 894 2110; x_wconf 90' lang='lat' dir='ltr'><strong>ds</strong></span> <span class='ocrx_word' id='word_1_153' title='bbox 908 2044 1071 2128; x_wconf 85' lang='lat' dir='ltr'><strong>Bolandia,</strong></span> <span class='ocrx_word' id='word_1_154' title='bbox 1094 2053 1126 2109; x_wconf 89' lang='lat' dir='ltr'><strong>et</strong></span> <span class='ocrx_word' id='word_1_155' title='bbox 1139 2051 1257 2129; x_wconf 78' lang='lat' dir='ltr'><strong>niagno</strong></span> <span class='ocrx_word' id='word_1_156' title='bbox 1276 2042 1376 2107; x_wconf 90' lang='lat' dir='ltr'><strong>tribu-</strong></span> 
     </span>
     <span class='ocr_line' id='line_1_21' title="bbox 256 2125 1379 2216; baseline -0.001 -25"><span class='ocrx_word' id='word_1_157' title='bbox 256 2125 333 2192; x_wconf 92' lang='lat' dir='ltr'><strong>latio</strong></span> <span class='ocrx_word' id='word_1_158' title='bbox 354 2129 442 2192; x_wconf 92' lang='lat' dir='ltr'><strong>venit</strong></span> <span class='ocrx_word' id='word_1_159' title='bbox 456 2151 493 2191; x_wconf 90' lang='lat' dir='ltr'><strong>su</strong></span> <span class='ocrx_word' id='word_1_160' title='bbox 518 2151 553 2193; x_wconf 88' lang='lat' dir='ltr'><strong>er</strong></span> <span class='ocrx_word' id='word_1_161' title='bbox 573 2151 683 2196; x_wconf 90' lang='lat' dir='ltr'><strong>omnes</strong></span> <span class='ocrx_word' id='word_1_162' title='bbox 698 2153 855 2216; x_wconf 88' lang='lat' dir='ltr'><strong>pauperes</strong></span> <span class='ocrx_word' id='word_1_163' title='bbox 868 2151 1026 2211; x_wconf 80' lang='lat' dir='ltr'><strong>rurenses,</strong></span> <span class='ocrx_word' id='word_1_164' title='bbox 1048 2137 1080 2193; x_wconf 91' lang='lat' dir='ltr'><strong>et</strong></span> <span class='ocrx_word' id='word_1_165' title='bbox 1099 2129 1227 2193; x_wconf 90' lang='lat' dir='ltr'><strong>incense</strong></span> <span class='ocrx_word' id='word_1_166' title='bbox 1247 2127 1379 2191; x_wconf 89' lang='lat' dir='ltr'><strong>fuerunt</strong></span> 
     </span>
     <span class='ocr_line' id='line_1_22' title="bbox 259 2211 1305 2285; baseline 0 -9"><span class='ocrx_word' id='word_1_167' title='bbox 259 2233 368 2276; x_wconf 88' lang='lat' dir='ltr'><strong>omnes</strong></span> <span class='ocrx_word' id='word_1_168' title='bbox 389 2211 463 2277; x_wconf 92' lang='lat' dir='ltr'><strong>ville</strong></span> <span class='ocrx_word' id='word_1_169' title='bbox 509 2213 562 2278; x_wconf 80' lang='lat' dir='ltr'><strong>‘cti</strong></span> <span class='ocrx_word' id='word_1_170' title='bbox 581 2215 731 2279; x_wconf 89' lang='lat' dir='ltr'><strong>territorii</strong></span> <span class='ocrx_word' id='word_1_171' title='bbox 752 2215 837 2279; x_wconf 93' lang='lat' dir='ltr'><strong>etin</strong></span> <span class='ocrx_word' id='word_1_172' title='bbox 857 2212 996 2278; x_wconf 88' lang='lat' dir='ltr'><strong>favillam</strong></span> <span class='ocrx_word' id='word_1_173' title='bbox 1018 2221 1051 2276; x_wconf 87' lang='lat' dir='ltr'><strong>et</strong></span> <span class='ocrx_word' id='word_1_174' title='bbox 1071 2212 1305 2285; x_wconf 54' lang='lat' dir='ltr'><strong>solitudinem?</strong></span> 
     </span>
     <span class='ocr_line' id='line_1_23' title="bbox 156 2295 1377 2398; baseline -0.001 -37"><span class='ocrx_word' id='word_1_175' title='bbox 156 2299 247 2344; x_wconf 69' lang='lat'><strong>00&#39;·¹⁶·</strong></span> <span class='ocrx_word' id='word_1_176' title='bbox 343 2295 437 2362; x_wconf 80' lang='lat' dir='ltr'><strong>Circa</strong></span> <span class='ocrx_word' id='word_1_177' title='bbox 461 2296 578 2361; x_wconf 89' lang='lat' dir='ltr'><strong>festum</strong></span> <span class='ocrx_word' id='word_1_178' title='bbox 608 2296 692 2363; x_wconf 80' lang='lat' dir='ltr'><strong>Galli</strong></span> <span class='ocrx_word' id='word_1_179' title='bbox 717 2297 916 2398; x_wconf 83' lang='lat' dir='ltr'><strong>frequentate</strong></span> <span class='ocrx_word' id='word_1_180' title='bbox 945 2305 1019 2360; x_wconf 88' lang='lat' dir='ltr'><strong>sunt</strong></span> <span class='ocrx_word' id='word_1_181' title='bbox 1046 2299 1160 2383; x_wconf 90' lang='lat' dir='ltr'><strong>pruine</strong></span> <span class='ocrx_word' id='word_1_182' title='bbox 1181 2297 1322 2363; x_wconf 91' lang='lat' dir='ltr'><strong>noctium</strong></span> <span class='ocrx_word' id='word_1_183' title='bbox 1343 2304 1377 2360; x_wconf 90' lang='lat' dir='ltr'><strong>et</strong></span> 
     </span>
     <span class='ocr_line' id='line_1_24' title="bbox 257 2379 1377 2468; baseline -0.002 -22"><span class='ocrx_word' id='word_1_184' title='bbox 257 2379 351 2446; x_wconf 86' lang='lat' dir='ltr'><strong>valde</strong></span> <span class='ocrx_word' id='word_1_185' title='bbox 376 2390 554 2447; x_wconf 90' lang='lat' dir='ltr'><strong>nocuerunt</strong></span> <span class='ocrx_word' id='word_1_186' title='bbox 581 2382 698 2465; x_wconf 80' lang='lat' dir='ltr'><strong>botis,</strong></span> <span class='ocrx_word' id='word_1_187' title='bbox 734 2405 789 2468; x_wconf 92' lang='lat' dir='ltr'><strong>qu1</strong></span> <span class='ocrx_word' id='word_1_188' title='bbox 814 2390 947 2468; x_wconf 88' lang='lat' dir='ltr'><strong>propter</strong></span> <span class='ocrx_word' id='word_1_189' title='bbox 972 2381 1147 2468; x_wconf 91' lang='lat' dir='ltr'><strong>precedens</strong></span> <span class='ocrx_word' id='word_1_190' title='bbox 1173 2390 1300 2468; x_wconf 87' lang='lat' dir='ltr'><strong>tompus</strong></span> <span class='ocrx_word' id='word_1_191' title='bbox 1329 2381 1377 2444; x_wconf 90' lang='lat' dir='ltr'><strong>in-</strong></span> 
     </span>
     <span class='ocr_line' id='line_1_25' title="bbox 258 2465 1376 2552; baseline 0 -24"><span class='ocrx_word' id='word_1_192' title='bbox 258 2486 434 2550; x_wconf 84' lang='lat' dir='ltr'><strong>congruum</strong></span> <span class='ocrx_word' id='word_1_193' title='bbox 448 2488 513 2530; x_wconf 92' lang='lat' dir='ltr'><strong>non</strong></span> <span class='ocrx_word' id='word_1_194' title='bbox 526 2475 674 2552; x_wconf 89' lang='lat' dir='ltr'><strong>poterant</strong></span> <span class='ocrx_word' id='word_1_195' title='bbox 686 2474 908 2547; x_wconf 86' lang='lat' dir='ltr'><strong>maturescere,</strong></span> <span class='ocrx_word' id='word_1_196' title='bbox 930 2466 976 2530; x_wconf 90' lang='lat' dir='ltr'><strong>ita</strong></span> <span class='ocrx_word' id='word_1_197' title='bbox 990 2465 1076 2552; x_wconf 93' lang='lat' dir='ltr'><strong>quod</strong></span> <span class='ocrx_word' id='word_1_198' title='bbox 1090 2465 1252 2530; x_wconf 90' lang='lat' dir='ltr'><strong>modicum</strong></span> <span class='ocrx_word' id='word_1_199' title='bbox 1264 2466 1376 2529; x_wconf 92' lang='lat' dir='ltr'><strong>vinum</strong></span> 
     </span>
     <span class='ocr_line' id='line_1_26' title="bbox 258 2549 1375 2636; baseline -0.001 -23"><span class='ocrx_word' id='word_1_200' title='bbox 258 2549 358 2613; x_wconf 89' lang='lat' dir='ltr'><strong>crevit</strong></span> <span class='ocrx_word' id='word_1_201' title='bbox 386 2559 418 2614; x_wconf 89' lang='lat' dir='ltr'><strong>et</strong></span> <span class='ocrx_word' id='word_1_202' title='bbox 446 2571 600 2632; x_wconf 90' lang='lat' dir='ltr'><strong>amarum,</strong></span> <span class='ocrx_word' id='word_1_203' title='bbox 629 2551 705 2636; x_wconf 90' lang='lat' dir='ltr'><strong>quia</strong></span> <span class='ocrx_word' id='word_1_204' title='bbox 731 2573 793 2614; x_wconf 91' lang='lat' dir='ltr'><strong>uve</strong></span> <span class='ocrx_word' id='word_1_205' title='bbox 822 2571 887 2614; x_wconf 91' lang='lat' dir='ltr'><strong>non</strong></span> <span class='ocrx_word' id='word_1_206' title='bbox 914 2558 1070 2616; x_wconf 74' lang='lat' dir='ltr'><strong>venerumt</strong></span> <span class='ocrx_word' id='word_1_207' title='bbox 1094 2550 1136 2614; x_wconf 90' lang='lat' dir='ltr'><strong>ad</strong></span> <span class='ocrx_word' id='word_1_208' title='bbox 1161 2550 1375 2614; x_wconf 88' lang='lat' dir='ltr'><strong>maturitatem</strong></span> 
     </span>
     <span class='ocr_line' id='line_1_27' title="bbox 280 2633 1389 2730; baseline 0.003 -35"><span class='ocrx_word' id='word_1_209' title='bbox 280 2641 390 2719; x_wconf 87' lang='lat' dir='ltr'><strong>ropter</strong></span> <span class='ocrx_word' id='word_1_210' title='bbox 403 2634 485 2697; x_wconf 83' lang='lat' dir='ltr'><strong>aeris</strong></span> <span class='ocrx_word' id='word_1_211' title='bbox 498 2634 728 2720; x_wconf 85' lang='lat' dir='ltr'><strong>intemperiem.</strong></span> <span class='ocrx_word' id='word_1_212' title='bbox 767 2633 812 2697; x_wconf 87' lang='lat' dir='ltr'><strong>Et</strong></span> <span class='ocrx_word' id='word_1_213' title='bbox 825 2634 970 2720; x_wconf 89' lang='lat' dir='ltr'><strong>preciosa</strong></span> <span class='ocrx_word' id='word_1_214' title='bbox 983 2633 1044 2698; x_wconf 83' lang='lat' dir='ltr'><strong>fuit</strong></span> <span class='ocrx_word' id='word_1_215' title='bbox 1057 2656 1195 2700; x_wconf 87' lang='lat' dir='ltr'><strong>annona:</strong></span> <span class='ocrx_word' id='word_1_216' title='bbox 1217 2633 1281 2698; x_wconf 86' lang='lat' dir='ltr'><strong>mal</strong></span> <span class='ocrx_word' id='word_1_217' title='bbox 1371 2683 1389 2730; x_wconf 71' lang='lat' dir='ltr'>J</span> 
     </span>
     <span class='ocr_line' id='line_1_28' title="bbox 257 2655 1379 2804; baseline -0.002 -22"><span class='ocrx_word' id='word_1_218' title='bbox 257 2655 300 2782; x_wconf 53' lang='grc'><strong>86</strong></span> <span class='ocrx_word' id='word_1_219' title='bbox 323 2715 379 2781; x_wconf 89' lang='lat' dir='ltr'><strong>sol.</strong></span> <span class='ocrx_word' id='word_1_220' title='bbox 395 2716 568 2800; x_wconf 88' lang='lat' dir='ltr'><strong>emebatur,</strong></span> <span class='ocrx_word' id='word_1_221' title='bbox 591 2725 624 2782; x_wconf 88' lang='lat' dir='ltr'><strong>et</strong></span> <span class='ocrx_word' id='word_1_222' title='bbox 637 2726 761 2782; x_wconf 88' lang='lat' dir='ltr'><strong>carrata</strong></span> <span class='ocrx_word' id='word_1_223' title='bbox 773 2719 850 2782; x_wconf 91' lang='lat' dir='ltr'><strong>novi</strong></span> <span class='ocrx_word' id='word_1_224' title='bbox 862 2718 939 2800; x_wconf 88' lang='lat' dir='ltr'><strong>vini,</strong></span> <span class='ocrx_word' id='word_1_225' title='bbox 955 2719 1041 2804; x_wconf 92' lang='lat' dir='ltr'><strong>quod</strong></span> <span class='ocrx_word' id='word_1_226' title='bbox 1055 2727 1162 2783; x_wconf 89' lang='lat' dir='ltr'><strong>tamen</strong></span> <span class='ocrx_word' id='word_1_227' title='bbox 1176 2739 1235 2804; x_wconf 88' lang='lat' dir='ltr'><strong>pro</strong></span> <span class='ocrx_word' id='word_1_228' title='bbox 1249 2739 1301 2781; x_wconf 91' lang='lat' dir='ltr'><strong>mo</strong></span> <span class='ocrx_word' id='word_1_229' title='bbox 1327 2717 1379 2780; x_wconf 86' lang='lat' dir='ltr'><strong>&#39;co</strong></span> 
     </span>
     <span class='ocr_line' id='line_1_29' title="bbox 257 2799 1377 2887; baseline -0.001 -22"><span class='ocrx_word' id='word_1_230' title='bbox 257 2800 474 2886; x_wconf 82' lang='lat' dir='ltr'><strong>reputabatur,</strong></span> <span class='ocrx_word' id='word_1_231' title='bbox 491 2799 634 2866; x_wconf 87' lang='lat' dir='ltr'><strong>solvebat</strong></span> <span class='ocrx_word' id='word_1_232' title='bbox 648 2801 690 2865; x_wconf 79' lang='lat'><strong>20</strong></span> <span class='ocrx_word' id='word_1_233' title='bbox 699 2801 778 2884; x_wconf 79' lang='lat' dir='ltr'><strong>tlon,</strong></span> <span class='ocrx_word' id='word_1_234' title='bbox 801 2810 938 2878; x_wconf 84' lang='lat' dir='ltr'><strong>etvetus</strong></span> <span class='ocrx_word' id='word_1_235' title='bbox 951 2803 1061 2866; x_wconf 91' lang='lat' dir='ltr'><strong>vinum</strong></span> <span class='ocrx_word' id='word_1_236' title='bbox 1072 2801 1206 2865; x_wconf 91' lang='lat' dir='ltr'><strong>multum</strong></span> <span class='ocrx_word' id='word_1_237' title='bbox 1217 2799 1377 2887; x_wconf 88' lang='lat' dir='ltr'><strong>prevaluit</strong></span> 
     </span>
     <span class='ocr_line' id='line_1_30' title="bbox 256 2883 1375 2970; baseline 0.003 -23"><span class='ocrx_word' id='word_1_238' title='bbox 256 2906 351 2967; x_wconf 88' lang='lat' dir='ltr'><strong>novo,</strong></span> <span class='ocrx_word' id='word_1_239' title='bbox 374 2885 450 2970; x_wconf 92' lang='lat' dir='ltr'><strong>quia</strong></span> <span class='ocrx_word' id='word_1_240' title='bbox 464 2893 533 2948; x_wconf 87' lang='lat' dir='ltr'><strong>erat</strong></span> <span class='ocrx_word' id='word_1_241' title='bbox 545 2883 649 2950; x_wconf 90' lang='lat' dir='ltr'><strong>adhuc</strong></span> <span class='ocrx_word' id='word_1_242' title='bbox 663 2884 885 2952; x_wconf 87' lang='lat' dir='ltr'><strong>habundancia</strong></span> <span class='ocrx_word' id='word_1_243' title='bbox 898 2887 1015 2952; x_wconf 89' lang='lat' dir='ltr'><strong>veteris</strong></span> <span class='ocrx_word' id='word_1_244' title='bbox 1035 2887 1111 2951; x_wconf 90' lang='lat' dir='ltr'><strong>vini.</strong></span> <span class='ocrx_word' id='word_1_245' title='bbox 1153 2887 1271 2950; x_wconf 88' lang='lat' dir='ltr'><strong>Postea</strong></span> <span class='ocrx_word' id='word_1_246' title='bbox 1291 2886 1375 2950; x_wconf 89' lang='lat' dir='ltr'><strong>circa</strong></span> 
     </span>
     <span class='ocr_line' id='line_1_31' title="bbox 152 2966 1376 3056; baseline 0.005 -29"><span class='ocrx_word' id='word_1_247' title='bbox 152 2986 203 3031; x_wconf 63' lang='lat' dir='ltr'><strong>ote.</strong></span> <span class='ocrx_word' id='word_1_248' title='bbox 212 2986 247 3028; x_wconf 81' lang='lat' dir='ltr'><strong>ss.</strong></span> <span class='ocrx_word' id='word_1_249' title='bbox 257 2969 456 3033; x_wconf 89' lang='lat' dir='ltr'><strong>nativitatem</strong></span> <span class='ocrx_word' id='word_1_250' title='bbox 478 2966 598 3032; x_wconf 78' lang='lat' dir='ltr'><strong>Christi</strong></span> <span class='ocrx_word' id='word_1_251' title='bbox 627 2970 713 3056; x_wconf 90' lang='lat' dir='ltr'><strong>oepit</strong></span> <span class='ocrx_word' id='word_1_252' title='bbox 739 2970 888 3054; x_wconf 85' lang='lat' dir='ltr'><strong>mitigari,</strong></span> <span class='ocrx_word' id='word_1_253' title='bbox 918 2978 950 3035; x_wconf 88' lang='lat' dir='ltr'><strong>et</strong></span> <span class='ocrx_word' id='word_1_254' title='bbox 970 2977 1047 3033; x_wconf 87' lang='lat' dir='ltr'><strong>tunc</strong></span> <span class='ocrx_word' id='word_1_255' title='bbox 1068 2979 1192 3036; x_wconf 89' lang='lat' dir='ltr'><strong>carrata</strong></span> <span class='ocrx_word' id='word_1_256' title='bbox 1211 2970 1288 3034; x_wconf 91' lang='lat' dir='ltr'><strong>novi</strong></span> <span class='ocrx_word' id='word_1_257' title='bbox 1308 2969 1376 3036; x_wconf 91' lang='lat' dir='ltr'><strong>vini</strong></span> 
     </span>
     <span class='ocr_line' id='line_1_32' title="bbox 258 3051 1122 3138; baseline 0.001 -22"><span class='ocrx_word' id='word_1_258' title='bbox 258 3051 426 3116; x_wconf 90' lang='lat' dir='ltr'><strong>mediocris</strong></span> <span class='ocrx_word' id='word_1_259' title='bbox 449 3051 593 3118; x_wconf 84' lang='lat' dir='ltr'><strong>solvebat</strong></span> <span class='ocrx_word' id='word_1_260' title='bbox 616 3054 655 3117; x_wconf 77' lang='lat'><strong>12</strong></span> <span class='ocrx_word' id='word_1_261' title='bbox 676 3052 755 3136; x_wconf 80' lang='lat' dir='ltr'><strong>tlon,</strong></span> <span class='ocrx_word' id='word_1_262' title='bbox 778 3062 810 3118; x_wconf 87' lang='lat' dir='ltr'><strong>et</strong></span> <span class='ocrx_word' id='word_1_263' title='bbox 832 3053 963 3138; x_wconf 85' lang='lat' dir='ltr'><strong>siliginis</strong></span> <span class='ocrx_word' id='word_1_264' title='bbox 971 3051 1044 3120; x_wconf 67' lang='lat'><strong>‘⁶32</strong></span> <span class='ocrx_word' id='word_1_265' title='bbox 1067 3052 1122 3118; x_wconf 89' lang='lat' dir='ltr'><strong>sol.</strong></span> 
     </span>
     <span class='ocr_line' id='line_1_33' title="bbox 342 3136 1379 3224; baseline 0.001 -24"><span class='ocrx_word' id='word_1_266' title='bbox 342 3136 434 3200; x_wconf 74' lang='lat' dir='ltr'><strong>Tunc</strong></span> <span class='ocrx_word' id='word_1_267' title='bbox 453 3137 558 3220; x_wconf 84' lang='lat' dir='ltr'><strong>viguit</strong></span> <span class='ocrx_word' id='word_1_268' title='bbox 578 3148 810 3224; x_wconf 55' lang='lat' dir='ltr'><strong>gwerrarum&amp;</strong></span> <span class='ocrx_word' id='word_1_269' title='bbox 825 3137 979 3202; x_wconf 87' lang='lat' dir='ltr'><strong>dissensio</strong></span> <span class='ocrx_word' id='word_1_270' title='bbox 1001 3139 1035 3202; x_wconf 92' lang='lat' dir='ltr'><strong>in</strong></span> <span class='ocrx_word' id='word_1_271' title='bbox 1061 3137 1208 3202; x_wconf 90' lang='lat' dir='ltr'><strong>omnibus</strong></span> <span class='ocrx_word' id='word_1_272' title='bbox 1253 3137 1379 3203; x_wconf 84' lang='lat' dir='ltr'><strong>artibus</strong></span> 
     </span>
     <span class='ocr_line' id='line_1_34' title="bbox 258 3204 1379 3308; baseline 0.003 -25"><span class='ocrx_word' id='word_1_273' title='bbox 258 3220 500 3303; x_wconf 87' lang='lat' dir='ltr'><strong>circumvicinis,</strong></span> <span class='ocrx_word' id='word_1_274' title='bbox 526 3221 573 3285; x_wconf 83' lang='lat' dir='ltr'><strong>ita</strong></span> <span class='ocrx_word' id='word_1_275' title='bbox 601 3221 687 3308; x_wconf 92' lang='lat' dir='ltr'><strong>quod</strong></span> <span class='ocrx_word' id='word_1_276' title='bbox 714 3204 819 3286; x_wconf 91' lang='lat' dir='ltr'><strong>nullus</strong></span> <span class='ocrx_word' id='word_1_277' title='bbox 846 3220 984 3286; x_wconf 87' lang='lat' dir='ltr'><strong>audebat</strong></span> <span class='ocrx_word' id='word_1_278' title='bbox 1011 3243 1120 3288; x_wconf 86' lang='lat' dir='ltr'><strong>secure</strong></span> <span class='ocrx_word' id='word_1_279' title='bbox 1142 3243 1216 3308; x_wconf 82' lang='lat' dir='ltr'><strong>egre</strong></span> <span class='ocrx_word' id='word_1_280' title='bbox 1241 3223 1248 3238; x_wconf 85' lang='lat'>&#39;</span> <span class='ocrx_word' id='word_1_281' title='bbox 1271 3223 1379 3288; x_wconf 90' lang='lat' dir='ltr'><strong>menia</strong></span> 
     </span>
    </p>
   </div>
   <div class='ocr_carea' id='block_1_5' title="bbox 256 3419 1417 3650">
    <p class='ocr_par' dir='ltr' id='par_1_6' title="bbox 256 3419 1417 3650">
     <span class='ocr_line' id='line_1_35' title="bbox 257 3419 1417 3474; baseline 0.003 -14"><span class='ocrx_word' id='word_1_282' title='bbox 257 3419 281 3472; x_wconf 84' lang='lat' dir='ltr'><strong>a)</strong></span> <span class='ocrx_word' id='word_1_283' title='bbox 302 3424 326 3461; x_wconf 85' lang='lat' dir='ltr'><strong>st</strong></span> <span class='ocrx_word' id='word_1_284' title='bbox 345 3433 364 3462; x_wconf 82' lang='lat' dir='ltr'><strong>o.</strong></span> <span class='ocrx_word' id='word_1_285' title='bbox 385 3422 524 3473; x_wconf 66' lang='lat' dir='ltr'><strong>surperfluam,</strong></span> <span class='ocrx_word' id='word_1_286' title='bbox 547 3423 584 3461; x_wconf 77' lang='lat' dir='ltr'><strong>red</strong></span> <span class='ocrx_word' id='word_1_287' title='bbox 603 3433 680 3461; x_wconf 80' lang='lat' dir='ltr'><strong>nomeu</strong></span> <span class='ocrx_word' id='word_1_288' title='bbox 701 3424 857 3463; x_wconf 75' lang='lat' dir='ltr'><strong>substantivum</strong></span> <span class='ocrx_word' id='word_1_289' title='bbox 879 3424 948 3472; x_wconf 59' lang='lat' dir='ltr'><strong>dcun</strong></span> <span class='ocrx_word' id='word_1_290' title='bbox 971 3423 1084 3462; x_wconf 81' lang='lat' dir='ltr'><strong>librariam</strong></span> <span class='ocrx_word' id='word_1_291' title='bbox 1099 3425 1245 3474; x_wconf 76' lang='lat' dir='ltr'><strong>compendium</strong></span> <span class='ocrx_word' id='word_1_292' title='bbox 1260 3423 1283 3463; x_wconf 74' lang='lat' dir='ltr'><strong>tt</strong></span> <span class='ocrx_word' id='word_1_293' title='bbox 1296 3436 1337 3474; x_wconf 76' lang='lat' dir='ltr'><strong>pro</strong></span> <span class='ocrx_word' id='word_1_294' title='bbox 1353 3423 1381 3464; x_wconf 85' lang='lat' dir='ltr'><strong>st&#39;</strong></span> <span class='ocrx_word' id='word_1_295' title='bbox 1415 3451 1417 3460; x_wconf 79' lang='grc'>.</span> 
     </span>
     <span class='ocr_line' id='line_1_36' title="bbox 257 3479 1376 3544; baseline 0.004 -26"><span class='ocrx_word' id='word_1_296' title='bbox 257 3481 330 3530; x_wconf 66' lang='lat' dir='ltr'><strong>leobae</strong></span> <span class='ocrx_word' id='word_1_297' title='bbox 342 3491 472 3529; x_wconf 63' lang='lat' dir='ltr'><strong>paramum</strong></span> <span class='ocrx_word' id='word_1_298' title='bbox 487 3483 560 3522; x_wconf 68' lang='lat' dir='ltr'><strong>totto.</strong></span> <span class='ocrx_word' id='word_1_299' title='bbox 621 3479 645 3530; x_wconf 90' lang='lat' dir='ltr'><strong>b)</strong></span> <span class='ocrx_word' id='word_1_300' title='bbox 662 3482 735 3544; x_wconf 56' lang='lat' dir='ltr'><strong>sepo.</strong></span> <span class='ocrx_word' id='word_1_301' title='bbox 797 3481 818 3533; x_wconf 86' lang='lat' dir='ltr'><strong>c)</strong></span> <span class='ocrx_word' id='word_1_302' title='bbox 834 3483 870 3522; x_wconf 91' lang='lat' dir='ltr'><strong>sul</strong></span> <span class='ocrx_word' id='word_1_303' title='bbox 886 3483 972 3522; x_wconf 85' lang='lat' dir='ltr'><strong>turtum</strong></span> <span class='ocrx_word' id='word_1_304' title='bbox 987 3494 1020 3532; x_wconf 64' lang='lat' dir='ltr'><strong>ar</strong></span> <span class='ocrx_word' id='word_1_305' title='bbox 1041 3481 1070 3525; x_wconf 84' lang='lat' dir='ltr'><strong>W.</strong></span> <span class='ocrx_word' id='word_1_306' title='bbox 1085 3483 1220 3532; x_wconf 63' lang='lat' dir='ltr'><strong>muctar:</strong></span> <span class='ocrx_word' id='word_1_307' title='bbox 1243 3485 1279 3523; x_wconf 78' lang='lat' dir='ltr'><strong>sul</strong></span> <span class='ocrx_word' id='word_1_308' title='bbox 1295 3483 1376 3523; x_wconf 81' lang='lat' dir='ltr'><strong>vicini.</strong></span> 
     </span>
     <span class='ocr_line' id='line_1_37' title="bbox 256 3536 1378 3650; baseline 0.001 -69"><span class='ocrx_word' id='word_1_309' title='bbox 256 3536 281 3650; x_wconf 56' lang='grc' dir='ltr'><strong>ὦ)</strong></span> <span class='ocrx_word' id='word_1_310' title='bbox 297 3540 402 3648; x_wconf 45' lang='lat' dir='ltr'><strong>alffius</strong></span> <span class='ocrx_word' id='word_1_311' title='bbox 414 3553 438 3639; x_wconf 61' lang='lat' dir='ltr'><strong>p.</strong></span> <span class='ocrx_word' id='word_1_312' title='bbox 498 3540 521 3595; x_wconf 87' lang='lat' dir='ltr'><strong>s)</strong></span> <span class='ocrx_word' id='word_1_313' title='bbox 536 3541 650 3581; x_wconf 82' lang='lat' dir='ltr'><strong>malitiam</strong></span> <span class='ocrx_word' id='word_1_314' title='bbox 665 3539 689 3580; x_wconf 79' lang='lat' dir='ltr'><strong>ta</strong></span> <span class='ocrx_word' id='word_1_315' title='bbox 700 3541 779 3580; x_wconf 77' lang='lat' dir='ltr'><strong>lacuna</strong></span> <span class='ocrx_word' id='word_1_316' title='bbox 785 3543 852 3591; x_wconf 77' lang='lat' dir='ltr'><strong>posui</strong></span> <span class='ocrx_word' id='word_1_317' title='bbox 860 3553 907 3581; x_wconf 82' lang='lat' dir='ltr'><strong>cum</strong></span> <span class='ocrx_word' id='word_1_318' title='bbox 923 3541 948 3583; x_wconf 74' lang='lat' dir='ltr'><strong>G.</strong></span> <span class='ocrx_word' id='word_1_319' title='bbox 963 3541 992 3582; x_wconf 86' lang='lat' dir='ltr'><strong>W.</strong></span> <span class='ocrx_word' id='word_1_320' title='bbox 1051 3539 1145 3592; x_wconf 59' lang='lat' dir='ltr'><strong>ortus</strong></span> <span class='ocrx_word' id='word_1_321' title='bbox 1161 3553 1186 3589; x_wconf 75' lang='lat' dir='ltr'><strong>e„</strong></span> <span class='ocrx_word' id='word_1_322' title='bbox 1202 3543 1247 3582; x_wconf 79' lang='lat' dir='ltr'><strong>ecit.</strong></span> <span class='ocrx_word' id='word_1_323' title='bbox 1262 3543 1378 3582; x_wconf 74' lang='lat' dir='ltr'><strong>maldrum.</strong></span> 
     </span>
    </p>
   </div>
   <div class='ocr_carea' id='block_1_6' title="bbox 252 3597 1379 4407">
    <p class='ocr_par' dir='ltr' id='par_1_7' title="bbox 1008 3597 1165 3733">
     <span class='ocr_line' id='line_1_38' title="bbox 1008 3597 1165 3686; baseline 0.013 -34"><span class='ocrx_word' id='word_1_324' title='bbox 1008 3614 1013 3622; x_wconf 92' lang='grc'><strong>“</strong></span> <span class='ocrx_word' id='word_1_325' title='bbox 1071 3597 1165 3686; x_wconf 37' lang='lat' dir='ltr'><strong>Aah&amp;</strong></span> 
     </span>
     <span class='ocr_line' id='line_1_39' title="bbox 1104 3699 1123 3733; baseline 0 -23"><span class='ocrx_word' id='word_1_326' title='bbox 1104 3699 1123 3733; x_wconf 43' lang='grc' dir='ltr'><strong>ι,</strong></span> 
     </span>
    </p>

    <p class='ocr_par' dir='ltr' id='par_1_8' title="bbox 252 3749 1379 4407">
     <span class='ocr_line' id='line_1_40' title="bbox 258 3749 1376 3818; baseline 0.002 -20"><span class='ocrx_word' id='word_1_327' title='bbox 258 3750 286 3815; x_wconf 90' lang='grc'><strong>1)</strong></span> <span class='ocrx_word' id='word_1_328' title='bbox 311 3751 445 3804; x_wconf 77' lang='lat' dir='ltr'><strong>Iohannes</strong></span> <span class='ocrx_word' id='word_1_329' title='bbox 471 3753 504 3802; x_wconf 82' lang='lat' dir='ltr'><strong>de</strong></span> <span class='ocrx_word' id='word_1_330' title='bbox 522 3749 812 3818; x_wconf 72' lang='lat' dir='ltr'><strong>Nestorea-Wcilburq,</strong></span> <span class='ocrx_word' id='word_1_331' title='bbox 837 3750 959 3801; x_wconf 81' lang='lat' dir='ltr'><strong>domiuus</strong></span> <span class='ocrx_word' id='word_1_332' title='bbox 983 3751 1016 3801; x_wconf 85' lang='lat' dir='ltr'><strong>de</strong></span> <span class='ocrx_word' id='word_1_333' title='bbox 1039 3750 1205 3818; x_wconf 75' lang='lat' dir='ltr'><strong>Merenberq.</strong></span> <span class='ocrx_word' id='word_1_334' title='bbox 1245 3749 1376 3812; x_wconf 76' lang='lat' dir='ltr'><strong>Castrum,</strong></span> 
     </span>
     <span class='ocr_line' id='line_1_41' title="bbox 256 3822 1378 3892; baseline 0 -18"><span class='ocrx_word' id='word_1_335' title='bbox 256 3822 289 3878; x_wconf 83' lang='lat' dir='ltr'><strong>do</strong></span> <span class='ocrx_word' id='word_1_336' title='bbox 317 3841 368 3892; x_wconf 79' lang='lat' dir='ltr'><strong>quo</strong></span> <span class='ocrx_word' id='word_1_337' title='bbox 396 3825 491 3876; x_wconf 83' lang='lat' dir='ltr'><strong>mentio</strong></span> <span class='ocrx_word' id='word_1_338' title='bbox 514 3825 555 3890; x_wconf 85' lang='lat' dir='ltr'><strong>fit,</strong></span> <span class='ocrx_word' id='word_1_339' title='bbox 581 3833 618 3876; x_wconf 84' lang='lat' dir='ltr'><strong>est</strong></span> <span class='ocrx_word' id='word_1_340' title='bbox 644 3822 696 3875; x_wconf 78' lang='lat' dir='ltr'><strong>‘die</strong></span> <span class='ocrx_word' id='word_1_341' title='bbox 720 3824 903 3890; x_wconf 74' lang='lat' dir='ltr'><strong>Kykeulourp&#39;.</strong></span> <span class='ocrx_word' id='word_1_342' title='bbox 939 3823 968 3876; x_wconf 91' lang='lat' dir='ltr'><strong>V.</strong></span> <span class='ocrx_word' id='word_1_343' title='bbox 995 3823 1107 3874; x_wconf 79' lang='lat' dir='ltr'><strong>Krcmer</strong></span> <span class='ocrx_word' id='word_1_344' title='bbox 1132 3822 1204 3890; x_wconf 72' lang='lat' dir='ltr'><strong>Orip.</strong></span> <span class='ocrx_word' id='word_1_345' title='bbox 1231 3823 1312 3876; x_wconf 85' lang='lat' dir='ltr'><strong>Noas.</strong></span> <span class='ocrx_word' id='word_1_346' title='bbox 1332 3823 1378 3883; x_wconf 73' lang='grc' dir='ltr'><strong>ΙΙ,</strong></span> 
     </span>
     <span class='ocr_line' id='line_1_42' title="bbox 252 3895 1376 3966; baseline 0 -18"><span class='ocrx_word' id='word_1_347' title='bbox 252 3914 282 3962; x_wconf 81' lang='lat' dir='ltr'><strong>p.</strong></span> <span class='ocrx_word' id='word_1_348' title='bbox 296 3899 358 3949; x_wconf 81' lang='lat'>329.</span> <span class='ocrx_word' id='word_1_349' title='bbox 382 3897 412 3948; x_wconf 80' lang='lat' dir='ltr'><strong>in</strong></span> <span class='ocrx_word' id='word_1_350' title='bbox 436 3899 589 3949; x_wconf 77' lang='lat' dir='ltr'><strong>documento</strong></span> <span class='ocrx_word' id='word_1_351' title='bbox 616 3915 641 3948; x_wconf 86' lang='lat' dir='ltr'><strong>a.</strong></span> <span class='ocrx_word' id='word_1_352' title='bbox 664 3897 749 3948; x_wconf 80' lang='lat'>1486:</span> <span class='ocrx_word' id='word_1_353' title='bbox 776 3899 833 3948; x_wconf 91' lang='lat' dir='ltr'><strong>‘mit</strong></span> <span class='ocrx_word' id='word_1_354' title='bbox 858 3897 918 3946; x_wconf 86' lang='lat' dir='ltr'><strong>dem</strong></span> <span class='ocrx_word' id='word_1_355' title='bbox 943 3913 1039 3948; x_wconf 88' lang='lat' dir='ltr'><strong>nuwen</strong></span> <span class='ocrx_word' id='word_1_356' title='bbox 1058 3895 1110 3966; x_wconf 67' lang='lat' dir='ltr'><strong>hub</strong></span> <span class='ocrx_word' id='word_1_357' title='bbox 1130 3899 1302 3963; x_wconf 83' lang='lat' dir='ltr'><strong>Kyksnburg‚</strong></span> <span class='ocrx_word' id='word_1_358' title='bbox 1327 3898 1376 3948; x_wconf 84' lang='lat' dir='ltr'><strong>das</strong></span> 
     </span>
     <span class='ocr_line' id='line_1_43' title="bbox 256 3970 1378 4038; baseline -0.004 -14"><span class='ocrx_word' id='word_1_359' title='bbox 256 3973 437 4035; x_wconf 70' lang='lat' dir='ltr'><strong>gratulans</strong></span> <span class='ocrx_word' id='word_1_360' title='bbox 461 3973 561 4038; x_wconf 84' lang='lat' dir='ltr'><strong>seligen</strong></span> <span class='ocrx_word' id='word_1_361' title='bbox 585 3988 639 4023; x_wconf 90' lang='lat' dir='ltr'><strong>von</strong></span> <span class='ocrx_word' id='word_1_362' title='bbox 654 3972 784 4021; x_wconf 83' lang='lat' dir='ltr'><strong>Nassanw</strong></span> <span class='ocrx_word' id='word_1_363' title='bbox 802 3971 924 4036; x_wconf 84' lang='lat' dir='ltr'><strong>gebuwet</strong></span> <span class='ocrx_word' id='word_1_364' title='bbox 941 3971 1019 4022; x_wconf 87' lang='lat' dir='ltr'><strong>hatt’.</strong></span> <span class='ocrx_word' id='word_1_365' title='bbox 1053 3970 1094 4033; x_wconf 86' lang='lat' dir='ltr'><strong>(ut</strong></span> <span class='ocrx_word' id='word_1_366' title='bbox 1114 3970 1140 4021; x_wconf 83' lang='lat'><strong>0.</strong></span> <span class='ocrx_word' id='word_1_367' title='bbox 1161 3970 1265 4022; x_wconf 77' lang='lat' dir='ltr'><strong>Menael</strong></span> <span class='ocrx_word' id='word_1_368' title='bbox 1283 3970 1378 4021; x_wconf 73' lang='lat' dir='ltr'><strong>littaris</strong></span> 
     </span>
     <span class='ocr_line' id='line_1_44' title="bbox 256 4041 1379 4111; baseline -0.004 -15"><span class='ocrx_word' id='word_1_369' title='bbox 256 4061 297 4097; x_wconf 84' lang='lat' dir='ltr'><strong>me</strong></span> <span class='ocrx_word' id='word_1_370' title='bbox 316 4045 427 4110; x_wconf 80' lang='lat' dir='ltr'><strong>docuit).</strong></span> <span class='ocrx_word' id='word_1_371' title='bbox 466 4042 551 4096; x_wconf 82' lang='lat' dir='ltr'><strong>Aliter</strong></span> <span class='ocrx_word' id='word_1_372' title='bbox 569 4045 646 4096; x_wconf 81' lang='lat' dir='ltr'><strong>scutit</strong></span> <span class='ocrx_word' id='word_1_373' title='bbox 669 4043 750 4111; x_wconf 76' lang='lat' dir='ltr'><strong>Wyss,</strong></span> <span class='ocrx_word' id='word_1_374' title='bbox 776 4044 822 4108; x_wconf 81' lang='lat' dir='ltr'><strong>qui</strong></span> <span class='ocrx_word' id='word_1_375' title='bbox 839 4041 986 4096; x_wconf 74' lang='lat' dir='ltr'><strong>Iohannem</strong></span> <span class='ocrx_word' id='word_1_376' title='bbox 1010 4045 1043 4095; x_wconf 81' lang='lat' dir='ltr'><strong>de</strong></span> <span class='ocrx_word' id='word_1_377' title='bbox 1068 4043 1379 4111; x_wconf 59' lang='lat' dir='ltr'><strong>Nassum-Diluntum</strong></span> 
     </span>
     <span class='ocr_line' id='line_1_45' title="bbox 256 4116 1377 4186; baseline -0.004 -15"><span class='ocrx_word' id='word_1_378' title='bbox 256 4117 383 4186; x_wconf 74' lang='lat' dir='ltr'><strong>iutelleyt‘t</strong></span> <span class='ocrx_word' id='word_1_379' title='bbox 411 4125 434 4169; x_wconf 84' lang='lat' dir='ltr'><strong>et</strong></span> <span class='ocrx_word' id='word_1_380' title='bbox 453 4135 504 4183; x_wconf 77' lang='lat' dir='ltr'><strong>pro</strong></span> <span class='ocrx_word' id='word_1_381' title='bbox 530 4124 557 4169; x_wconf 87' lang='lat' dir='ltr'><strong>et</strong></span> <span class='ocrx_word' id='word_1_382' title='bbox 577 4117 717 4185; x_wconf 80' lang='lat' dir='ltr'><strong>proposuit</strong></span> <span class='ocrx_word' id='word_1_383' title='bbox 742 4118 850 4169; x_wconf 73' lang='lat' dir='ltr'><strong>auxilio,</strong></span> <span class='ocrx_word' id='word_1_384' title='bbox 947 4121 977 4183; x_wconf 77' lang='lat'><strong>2)</strong></span> <span class='ocrx_word' id='word_1_385' title='bbox 1015 4116 1178 4168; x_wconf 82' lang='lat' dir='ltr'><strong>Wenceslous</strong></span> <span class='ocrx_word' id='word_1_386' title='bbox 1209 4117 1377 4168; x_wconf 67' lang='lat' dir='ltr'><strong>matrimonio</strong></span> 
     </span>
     <span class='ocr_line' id='line_1_46' title="bbox 256 4189 1377 4259; baseline 0.001 -18"><span class='ocrx_word' id='word_1_387' title='bbox 256 4193 411 4244; x_wconf 77' lang='lat' dir='ltr'><strong>coniunctus</strong></span> <span class='ocrx_word' id='word_1_388' title='bbox 423 4191 482 4258; x_wconf 82' lang='lat' dir='ltr'><strong>fuit</strong></span> <span class='ocrx_word' id='word_1_389' title='bbox 501 4208 559 4243; x_wconf 85' lang='lat' dir='ltr'><strong>cum</strong></span> <span class='ocrx_word' id='word_1_390' title='bbox 571 4192 634 4259; x_wconf 80' lang='lat' dir='ltr'><strong>filio</strong></span> <span class='ocrx_word' id='word_1_391' title='bbox 655 4189 730 4242; x_wconf 81' lang='lat' dir='ltr'><strong>ducis</strong></span> <span class='ocrx_word' id='word_1_392' title='bbox 744 4191 882 4242; x_wconf 77' lang='lat' dir='ltr'><strong>Bacurius</strong></span> <span class='ocrx_word' id='word_1_393' title='bbox 900 4190 1005 4243; x_wconf 79' lang='lat' dir='ltr'><strong>Alberto</strong></span> <span class='ocrx_word' id='word_1_394' title='bbox 1025 4191 1058 4242; x_wconf 84' lang='lat' dir='ltr'><strong>do</strong></span> <span class='ocrx_word' id='word_1_395' title='bbox 1071 4189 1377 4258; x_wconf 77' lang='lat' dir='ltr'><strong>Stroubia9·Hollond,·,</strong></span> 
     </span>
     <span class='ocr_line' id='line_1_47' title="bbox 258 4263 1378 4331; baseline 0.001 -15"><span class='ocrx_word' id='word_1_396' title='bbox 258 4266 292 4331; x_wconf 90' lang='lat' dir='ltr'><strong>cf.</strong></span> <span class='ocrx_word' id='word_1_397' title='bbox 317 4265 412 4317; x_wconf 71' lang='lat' dir='ltr'><strong>wmom</strong></span> <span class='ocrx_word' id='word_1_398' title='bbox 436 4263 552 4317; x_wconf 80' lang='lat' dir='ltr'><strong>Stromer</strong></span> <span class='ocrx_word' id='word_1_399' title='bbox 571 4265 726 4318; x_wconf 67' lang='lat' dir='ltr'><strong>‘Scodtesta</strong></span> <span class='ocrx_word' id='word_1_400' title='bbox 747 4265 859 4316; x_wconf 65' lang='lat' dir='ltr'><strong>Ntirnb!</strong></span> <span class='ocrx_word' id='word_1_401' title='bbox 877 4263 902 4328; x_wconf 90' lang='grc' dir='ltr'><strong>Ι,</strong></span> <span class='ocrx_word' id='word_1_402' title='bbox 923 4283 952 4331; x_wconf 79' lang='lat' dir='ltr'><strong>p.</strong></span> <span class='ocrx_word' id='word_1_403' title='bbox 971 4266 1016 4331; x_wconf 62' lang='grc'><strong>83,</strong></span> <span class='ocrx_word' id='word_1_404' title='bbox 1041 4263 1087 4316; x_wconf 68' lang='lat' dir='ltr'><strong>aba·</strong></span> <span class='ocrx_word' id='word_1_405' title='bbox 1110 4283 1197 4318; x_wconf 78' lang='lat' dir='ltr'><strong>anuas</strong></span> <span class='ocrx_word' id='word_1_406' title='bbox 1218 4265 1298 4329; x_wconf 79' lang='lat'><strong>1370,</strong></span> <span class='ocrx_word' id='word_1_407' title='bbox 1321 4282 1378 4317; x_wconf 79' lang='lat' dir='ltr'><strong>nort</strong></span> 
     </span>
     <span class='ocr_line' id='line_1_48' title="bbox 258 4338 544 4407; baseline 0.007 -19"><span class='ocrx_word' id='word_1_408' title='bbox 258 4339 337 4404; x_wconf 75' lang='lat'><strong>1372,</strong></span> <span class='ocrx_word' id='word_1_409' title='bbox 356 4338 479 4407; x_wconf 75' lang='lat' dir='ltr'><strong>leqeudus</strong></span> <span class='ocrx_word' id='word_1_410' title='bbox 499 4347 544 4390; x_wconf 84' lang='lat' dir='ltr'><strong>est.</strong></span> 
     </span>
    </p>
   </div>
   <div class='ocr_carea' id='block_1_7' title="bbox 0 0 1548 4962">
    <p class='ocr_par' dir='ltr' id='par_1_9' title="bbox 0 0 1548 4962">
     <span class='ocr_line' id='line_1_49' title="bbox 0 0 1548 4962; baseline 0 1"><span class='ocrx_word' id='word_1_411' title='bbox 0 0 1548 4962; x_wconf 95' lang='lat' dir='ltr'><strong> </strong></span> 
     </span>
    </p>
   </div>
  </div>
 </body>
</html>
