3090 4962
258 425 326 478 vm
581 423 790 475 cflssoulcou
808 424 1060 477 MOGUNTINUM.

256 593 471 659 Marcomedis
492 594 579 678 regis
603 592 841 676 Thuringorum
865 615 896 656 a.
919 593 991 660 436.
1020 616 1121 680 usquc
1148 593 1194 659 ad
1217 618 1247 660 a.
1272 595 1373 676 1351,·

256 689 439 766 sequuntur
461 681 618 764 epitomae
641 701 671 741 a.
697 676 921 742 1066-1213.

341 763 383 828 In
395 763 479 827 lanc
486 764 643 848 priorem,
653 764 837 846 praecipue
848 761 1004 826 chronica
1014 765 1235 844 continentem,
1243 771 1374 847 partem

254 848 380 914 codicis
401 849 507 912 nostri
523 846 718 912 collectanea
734 867 859 930 qaoque
881 847 1041 930 quaedam
1057 847 1192 912 aliunde
1207 849 1374 932 descripta

255 932 542 1031 commentariipue
564 931 652 994 alius
673 931 801 1016 generis
817 932 941 993 inserta
956 939 1047 994 sunt:
1059 930 1094 1016 f.
1110 933 1171 996 ll:
1194 930 1220 996 S
1227 955 1271 995 us
1276 955 1374 1016 pen·

255 1019 319 1081 sio
347 1013 498 1080 domine
527 1015 630 1078 Iulii
654 1036 711 1098 pa
751 1036 767 1076 e
796 1015 965 1078 secundi
992 1053 1031 1062 -
1062 1039 1145 1100 quae
1173 1017 1300 1080 decreta
1329 1027 1375 1080 est

259 1125 281 1165 a
309 1099 446 1164 concilio
474 1099 596 1164 Pisano
625 1122 655 1162 a.
688 1036 784 1180 1de
819 1098 902 1182 Apr.
931 1097 969 1160 21
979 1121 991 1180 ,·
1015 1097 1159 1182 f.178:
1196 1099 1374 1186 Catalopus

256 1183 411 1250 uillarum
440 1185 695 1269 pipnoratarum
729 1183 1032 1268 archiepiscopatus
1065 1184 1258 1270 Mopuntini
1293 1183 1373 1249 litte·

255 1291 374 1333 rarum
404 1268 519 1333 ordine
548 1267 747 1352 dispositus;
775 1267 808 1350 f
840 1267 916 1330 193:
953 1266 1129 1352 Octalopus
1164 1271 1375 1332 comitatuum

257 1354 509 1417 Austriacorum
532 1351 734 1436 aliorumque
747 1351 882 1433 finium,
905 1373 983 1436 quos
998 1351 1138 1416 Heluetii
1159 1355 1196 1416 in
1220 1353 1375 1417 ditionem

257 1460 353 1501 suam
376 1437 589 1522 redeperant‚·
606 1434 641 1520 f.
666 1435 744 1498 195:
769 1435 948 1520 Catalapus
970 1457 1090 1517 eorum,
1113 1439 1171 1522 qui
1191 1439 1227 1501 in
1245 1436 1375 1521 proelio

257 1521 305 1586 ad
318 1520 567 1605 Pfeddersleim
589 1520 660 1604 (die
681 1523 710 1582 4.
726 1519 790 1582 Iul.
813 1541 844 1582 a.
864 1520 962 1600 1460)
985 1522 1153 1584 commisso
1176 1523 1267 1606 capti
1288 1532 1375 1588 sunt.

341 1603 455 1668 Altera
477 1615 583 1668 autem
605 1606 722 1684 minor,
749 1604 848 1668 totius
869 1601 1065 1669 collectionis
1077 1604 1155 1689 fere
1177 1607 1272 1669 tertia
1288 1627 1376 1690 pars

257 1687 300 1773 (f.
316 1688 524 1770 uua-340),
546 1686 657 1774 effipia
674 1689 821 1788 portenti
837 1686 1027 1771 puellarum
1049 1690 1192 1752 duarum
1214 1692 1251 1754 in
1273 1713 1376 1753 unum

257 1795 378 1858 corpus
419 1776 668 1838 coniuncturum
706 1794 889 1857 cumpeens,
934 1795 1019 1858 qnae
1051 1773 1183 1836 Isenaci
1216 1796 1247 1835 a.
1285 1773 1375 1838 1518.

256 1867 356 1922 natae
377 1867 464 1938 sarit,
486 1865 612 1920 constat
633 1879 649 1919 e
670 1857 774 1920 uariis
797 1859 892 1936 notis,
920 1854 1036 1920 litteris
1055 1857 1207 1940 publicis,
1230 1857 1375 1940 epistolis

256 1942 419 2026 usquead
434 1964 465 2004 a.
483 1941 574 2004 1528.
585 1940 832 2025 pertinentibus,
853 1962 936 2026 quae
953 1941 998 2004 ad
1011 1939 1133 2004 Karoli
1154 1941 1186 2008 V.
1201 1943 1375 2025 imperinm

181 2093 185 2102 ,
228 2093 233 2102 ,
258 2029 407 2106 attinent,
429 2023 659 2110 nonnullisque
680 2024 882 2090 carminibus
903 2024 1021 2088 Latine
1044 2027 1239 2110 compositis.

111 2092 248 2193 {lew
342 2109 383 2173 In
425 2109 541 2196 quibus
580 2117 757 2173 memoratu
797 2111 939 2172 manime
975 2109 1082 2193 dipna
1122 2118 1197 2172 sunt
1228 2111 1376 2192 primum

258 2214 326 2258 eom
351 2193 427 2258 lura
449 2194 602 2257 carmina
623 2191 789 2276 probrosa
810 2192 930 2256 Latino
957 2214 1102 2256 sermone
1128 2197 1166 2258 in
1192 2193 1377 2258 Martinam

258 2216 434 2342 Lutlerum
466 2277 615 2357 condita,
663 2278 757 2341 cuius
788 2275 915 2362 effigies
961 2278 997 2340 in
1036 2276 1149 2340 tabula
1182 2280 1376 2364 marginata

258 2371 287 2426 et
314 2383 401 2428 more
431 2361 679 2426 architectorum
706 2369 836 2440 ornata,
865 2383 937 2424 cum
965 2359 1112 2426 columba
1141 2362 1186 2426 ad
1207 2364 1377 2428 sinistram

259 2467 374 2510 aurem
400 2447 633 2510 insusurrante
662 2444 768 2530 (quod
793 2447 924 2530 sipnum
953 2447 1189 2530 inspirationis
1216 2446 1282 2512 Dei
1311 2469 1377 2511 esse

259 2538 405 2610 constat;
434 2529 626 2593 adnotatum
656 2537 762 2594 nutem
789 2537 836 2592 est
861 2530 899 2592 in
926 2531 1092 2614 marpine:
1126 2527 1209 2594 bene
1240 2531 1273 2594 in
1303 2531 1377 2594 sini·

259 2623 357 2678 stram
393 2617 533 2694 aurem),
575 2615 711 2696 pictura
745 2613 870 2676 lineari
905 2611 1072 2697 descripta
1113 2614 1228 2698 lisque
1271 2615 1377 2679 cerlis

258 2698 423 2784 insipnita
448 2707 512 2761 est:
546 2695 653 2762 Causa
688 2697 769 2760 tanti
796 2693 881 2763 mali.
938 2695 1077 2760 Subseri
1101 2706 1137 2760 ta
1167 2706 1273 2760 autem
1300 2708 1377 2762 sunt

257 2783 401 2867 imapini
435 2781 513 2844 laec
545 2781 657 2844 uerba:
691 2780 742 2844 Ita
776 2777 829 2844 ille
860 2778 1040 2856 heresiarca
1107 2780 1228 2844 artinas
1256 2779 1378 2846 Luthsr

257 2863 434 2929 monachus
456 2886 490 2929 se
505 2863 638 2950 depingi
658 2863 749 2948 fecit3
771 2874 953 2950 sequuntur
974 2862 1129 2928 nonnulli
1149 2887 1261 2928 versus
1281 2867 1378 2930 male·

257 2951 336 3032 dici,
358 2952 416 3034 qui
436 2949 671 3014 conclamatione
686 2947 907 3012 clauduntur:
930 2945 1118 3011 Oomnium
1135 2947 1377 3014 scelestissimus

130 3022 240 3122 ΨἭ,
258 3033 488 3098 monuahorum
521 3032 716 3097 monachus!
772 3035 850 3097 Tum
881 3031 922 3117 (f.
950 3031 1030 3114 327)
1067 3055 1196 3096 carmen
1231 3033 1376 3120 aliquod,

100 3171 110 3223 Ι
146 3113 202 3183 aas.
258 3119 346 3204 quod
366 3121 562 3202 inscriptum
584 3126 631 3180 est
645 3118 849 3202 Epinicia
867 3119 1145 3201 protreptica,
1167 3117 1288 3182 Latino
1311 3141 1375 3182 ser-

100 3255 107 3265 ,
156 3253 162 3287 s
209 3241 230 3269 a
252 3226 351 3286 ‘mone
380 3202 426 3267 ad
453 3202 646 3287 splendidas
672 3199 788 3286 epulas
809 3201 1022 3266 celebrandas
1044 3203 1265 3284 compositum,
1294 3225 1378 3286 quas

69 3290 73 3328 ⁷
187 3296 210 3326 ·’
230 3269 460 3352 *Laurentius
482 3287 657 3352 llruclsess
685 3285 723 3348 de
745 3284 1033 3369 Bommersfelden‚
1061 3285 1204 3348 decanus
1226 3285 1378 3351 ecclesiae

51 3357 155 3424 '‘un''
235 3388 240 3397 ‘
258 3372 486 3457 Mopuntinae‚
508 3369 561 3434 die
585 3370 633 3432 10.
649 3370 724 3437 Ian.
745 3392 777 3433 a.
794 3369 884 3433 1527.
908 3369 996 3434 domi
1016 3391 1097 3433 suae
1118 3381 1377 3455 comparaverat.

120 3488 134 3527 ι,
184 3487 193 3532 ‚¹
258 3456 299 3518 In
326 3457 541 3539 inscriptione
568 3453 758 3517 Frederious
788 3452 918 3516 Nausea
949 3462 1063 3518 auctor
1091 3454 1190 3518 luins
1216 3459 1378 3520 carminis

119 3534 123 3549 ¹
258 3541 468 3604 nominatur:
489 3537 529 3602 In
544 3535 746 3622 splendidum
761 3558 901 3623 vereque
916 3535 1023 3621 regale
1037 3537 1207 3602 reverendi
1221 3539 1379 3604 nobilissi-

257 3623 302 3686 mi
326 3644 366 3686 ue
387 3622 449 3686 viri
470 3643 509 3686 aa
523 3621 644 3685 domini
666 3621 696 3686 d.
713 3621 883 3686 Laurenoii
897 3620 1059 3686 Truchses
1082 3621 1122 3686 de
1139 3623 1379 3688 Bomersfelden

258 3645 393 3771 sedlesie
408 3706 597 3791 Moguntine
619 3705 731 3770 decani
752 3705 847 3791 longe
869 3705 1051 3790 dignissimi
1073 3709 1257 3772 convivium
1269 3709 1379 3774 Fride-

258 3791 318 3855 rici
350 3791 477 3855 Nausea
513 3790 552 3855 N.
587 3790 774 3871 doctorum,
806 3799 835 3853 et
870 3792 908 3855 in
933 3791 1004 3872 fine
1039 3791 1108 3854 alia
1142 3816 1261 3875 manu,
1296 3817 1379 3880 qnae

259 3877 318 3941 loc
340 3875 408 3941 loco
427 3879 584 3961 primum,
606 3877 644 3940 in
665 3875 870 3960 sequentibus
886 3884 991 3938 autem
1014 3874 1151 3958 (329'·-
1160 3877 1239 3957 336)
1262 3879 1379 3942 iterum

260 3971 412 4045 apparet,
440 3961 632 4024 adnotatam
654 3969 716 4024 est:
747 3957 879 4046 Regalis
906 3957 966 4022 hec
986 3960 1136 4023 convivia
1158 3973 1231 4026 sunt
1252 3971 1325 4026 aeta
1346 3962 1379 4024 in

259 4045 440 4130 magnificis
468 4043 582 4108 edibus
609 4042 640 4112 d.
668 4042 838 4107 Laurencii
865 4041 1027 4107 Truchses
1060 4043 1173 4108 decani
1198 4045 1253 4109 Mo
1300 4046 1380 4108 ntini

258 4139 321 4196 etc.
333 4130 419 4193 unici
430 4130 494 4192 mei
503 4128 680 4193 Mecenatis
693 4149 775 4192 anno
787 4137 861 4213 post
873 4124 1035 4191 Christum
1047 4137 1156 4192 natum
1167 4129 1233 4193 MD
1271 4129 1378 4214 XVII,

284 4225 376 4280 uarto
399 4213 475 4278 Idus
490 4213 642 4291 ianuarii,
665 4211 717 4278 die
738 4233 815 4276 vero
838 4211 981 4276 eiusdem
1003 4215 1122 4277 mensis
1137 4213 1273 4295 decima,
1296 4215 1379 4299 Imp.

260 4238 377 4365 lama
399 4299 520 4386 quinto,
545 4297 576 4362 d.
592 4295 725 4362 Alberto
747 4295 930 4360 marchione
953 4295 1260 4384 Brandenburgensi
1278 4297 1381 4362 arehi-

257 4385 411 4472 episcopo
433 4383 633 4469 Mogontino.
678 4381 728 4446 Ne
751 4382 812 4446 sim
834 4378 920 4444 solus
942 4381 1102 4465 ingratus!
