3088 4962
314 384 522 438 CHRONIOON
544 384 795 438 MOGUNTINUM.
833 385 866 436 A.
889 383 969 437 1380.
990 383 1070 436 1381.
1217 383 1252 434 47

152 552 277 636 rogavit
298 574 451 637 magnum
473 552 659 634 exercitum,
686 559 719 616 et
738 550 901 616 vindicare
923 573 958 616 se
978 552 1089 618 volens
1111 552 1256 638 predicta

126 573 257 718 damna,
272 637 390 700 invasit
399 644 517 700 terram
529 633 619 699 ducis
635 644 667 700 et
681 657 811 700 suorum
822 633 1047 700 auxiliatorum
1053 646 1077 718 ⁸,
1092 638 1255 718 cremavit,

15 801 18 808 Ι
128 719 245 804 rapuit,
275 720 461 805 captivavit,
491 727 523 783 et
548 718 693 784 similiter
712 717 814 783 multa
835 717 953 784 damna
972 719 1078 784 intulit
1099 719 1256 786 habitato·

127 801 217 867 ribus
249 810 332 868 terre
366 803 465 867 ducis.
519 801 669 888 Longum
700 811 785 868 esset
818 803 956 867 scribere
988 803 1192 874 incommoda
1223 813 1256 869 et

129 884 459 952 malatotiterrecirca
465 885 622 969 Rhenum,
633 886 819 972 Moganum,
833 886 970 970 Necksr,
982 887 1106 952 Dubir¹
1123 887 1257 953 flumina

130 977 162 1033 et
184 970 421 1034 circumvicinia
444 968 533 1034 illata
554 993 597 1035 ex
618 969 711 1034 dictis
733 971 896 1055 gwerrisl.
940 970 1086 1036 Tandem
1107 971 1256 1036 dominus

130 1049 222 1118 Ouno
244 1053 504 1140 archiepiscopus
520 1053 728 1120 Treverensis
750 1075 867 1142 magno
886 1053 995 1120 labore
1018 1077 1052 1120 se
1065 1055 1257 1142 interposuit

16 1197 24 1216 Ἴ.
129 1144 162 1201 et
182 1137 373 1222 pacificavit.

214 1220 306 1284 Tunc
327 1242 446 1306 magna
466 1219 653 1306 pestilencia
673 1220 734 1285 fuit
753 1222 788 1285 in
808 1220 1058 1287 Franckfordia.

149 1387 157 1402 .
211 1302 338 1370 Eodem
369 1313 514 1388 tempore
546 1327 606 1369 rex
637 1304 755 1403 Anglie
786 1305 904 1403 invasit
931 1306 1117 1388 Franciam,
1150 1307 1256 1392 ipsam

130 1408 378 1535 circuprquaqpe
399 1387 606 1474 pervagando
613 1399 637 1470 ⁰,
658 1410 785 1487 nomme
804 1397 1002 1454 res1stente¹.
1032 1473 1039 1488 ·
1175 1473 1205 1488 ..

246 1492 307 1535 uno
345 1479 452 1536 actum
480 1480 619 1537 estune
648 1471 782 1554 drerum,
811 1471 948 1537 Adolfus
970 1481 1056 1558 cep1t
1077 1473 1119 1538 60
1139 1471 1255 1536 mrlrtes

14 1591 18 1644 3
130 1563 163 1620 et
177 1557 352 1640 armigeros
368 1555 480 1619 ducis(¹
495 1554 710 1638 auxiliatores,
732 1557 752 1618 9
768 1556 890 1638 occisis,
906 1564 938 1621 et
952 1565 1047 1621 antea
1061 1565 1190 1655 ceperat
1204 1557 1254 1621 25.
1294 1601 1306 1622 .

215 1639 273 1702 *In
296 1638 480 1725 Septembri
506 1648 539 1703 et
561 1638 695 1704 Octobri
723 1639 784 1703 fuit
804 1639 898 1705 valde
927 1662 1046 1725 magna
1090 1639 1370 1714 estrlencia*f.12a‘.

129 1723 164 1786 in
177 1722 411 1788 Phanokfordia
430 1731 462 1786 et
476 1723 733 1810 circumquaque,
756 1745 819 1810 que
833 1723 994 1788 subtraxit
1007 1747 1041 1788 m
1074 1733 1124 1788 tos
1139 1745 1256 1809 pueros
1328 1791 1332 1799 ,

131 1815 163 1872 et
177 1807 279 1872 eciam
294 1805 450 1892 quosdam
463 1805 613 1871 robustos
626 1808 723 1890 viros,
746 1808 844 1872 etiam
858 1806 975 1872 multos
991 1830 1082 1873 senes
1097 1807 1255 1889 homines3

15 1899 16 1904 ’
132 1898 200 1956 erat
244 1891 321 1955 estis
341 1888 571 1975 ypidpmialis?
1238 1957 1246 1971 ,

14 1973 16 1988 '
214 1913 325 2038 lhhoc
337 1983 514 2058 autumpno
526 1974 708 2039 crevitcom
733 1983 822 2039 etens
834 1975 927 2060 copia
937 1975 1013 2057 vini,
1030 1973 1087 2038 sed
1101 1955 1268 2074 amaffiss
1294 1966 1303 2000 ’⁴

153 2059 208 2123 uia
235 2079 295 2143 pro
319 2066 369 2122 ter
396 2059 528 2142 pruinas
553 1997 735 2137 venientedl
746 2067 820 2122 ante
848 2058 966 2124 festum
987 2057 1153 2122 Michaelis
1173 2067 1256 2124 vites
1265 2085 1323 2137 sae.
1333 2085 1370 2128 aa.

131 2080 215 2208 loliis
230 2081 374 2228 spollhte,
392 2162 455 2204 uve
468 2163 534 2205 non
548 2149 696 2226 poterant
710 2140 804 2226 plene
819 2151 1042 2224 maturescere,
1058 2141 1115 2207 sed
1127 2150 1283 2207 tamena<

131 2228 243 2292 vinum
272 2247 366 2288 suum
415 2225 537 2288 recium
565 2223 721 2308 solvebat3
750 2233 783 2288 et
804 2226 851 2288 sic
870 2225 994 2311 pruinis
1016 2224 1256 2290 cohercentibus

132 2311 219 2376 botri
241 2317 315 2373 sunt
336 2329 373 2372 co
398 2308 475 2390 ecti3
504 2307 693 2372 succedente
715 2306 858 2372 eiusdem
884 2310 960 2372 anni
980 2317 1125 2394 tempore
1145 2309 1256 2374 vinum

131 2395 167 2459 in
187 2393 274 2459 vasis
295 2390 539 2474 maturescebat,
562 2399 595 2455 et
615 2399 683 2456 erat
702 2391 814 2456 vinum
835 2391 955 2457 factum
983 2392 1060 2456 satis
1081 2391 1202 2456 bonum
1223 2393 1257 2455 in

131 2478 217 2544 bono
239 2476 319 2540 foro.
1142 2480 1189 2556 s&

217 2560 312 2624 Anno
327 2558 461 2624 nomini
471 2518 660 2643 torpino
682 2559 766 2624 enea
787 2566 915 2624 aava
937 2580 955 2623 θ
979 2557 1108 2644 iphmie
1125 2558 1258 2636 nomini
1284 2563 1349 2615 ωσι,

132 2645 255 2711 instetit
276 2643 377 2728 frigus
397 2640 491 2706 valde
512 2641 618 2722 forte?
627 2640 745 2707 durans
767 2641 932 2728 usquead
986 2640 1116 2708 alendas
1137 2622 1318 2707 Febru·¹⁰'⁸'
1330 2621 1365 2664 ¹⁸·

133 2731 203 2811 arii,
224 2750 296 2792 cum
318 2735 413 2790 antea
433 2749 454 2791 a
474 2725 555 2790 festo
574 2724 738 2790 Michaelis
753 2747 862 2812 usque
883 2726 925 2792 ad
969 2725 1106 2791 redictas
1128 2733 1257 2790 octavas

135 2813 284 2960 continup
312 2809 409 2874 fuerit
441 2831 519 2874 aura
546 2808 695 2895 pluvialis
724 2818 757 2874 et
788 2809 898 2895 tepida
935 2831 1058 2896 osque
1084 2808 1257 2894 frigoribus

134 2896 262 2962 duranti
284 2916 334 2958 us.

219 2975 540 3064 Viguitpcstilencia
567 2976 652 3040 circa
676 2983 785 3062 partes
806 2976 889 3042 Reni
909 2998 947 3040 us
970 2999 1011 3042 ue
1032 2973 1075 3042 ad
1094 2975 1257 3063 predictas
1395 3035 1397 3039 .

135 3074 273 3130 octavas.
305 3061 382 3148 Ipso
398 3059 449 3125 die
457 3060 624 3126 Vincencii
637 3061 786 3208 mfflfls
797 3059 927 3126 Rhenus
976 3061 1063 3146 ‘gore
1077 3059 1259 3126 vehementi
1268 3083 1317 3124 aa
1326 3084 1362 3128 aa.

135 3170 206 3214 com
230 3155 319 3212 actus
345 3153 404 3227 est,
433 3165 506 3208 eum
555 3143 636 3208 ridie
663 3166 686 3208 n
771 3143 890 3228 glacies
918 3143 1142 3227 incoluerit,
1172 3152 1204 3209 et
1224 3145 1259 3206 in

133 3170 245 3318 vigila
265 3227 501 3316 purificacionis
570 3228 633 3292 cies
654 3229 794 3310 recessit,
817 3237 849 3292 et
863 3228 1056 3314 sequebatur
1075 3227 1258 3314 pluviosum
1268 3252 1331 3296 rar.
1342 3255 1361 3297 1.

133 3325 262 3401 tempus
286 3334 389 3399 usque
418 3310 461 3376 ad
522 3313 652 3392 arcium,
685 3320 718 3374 et
744 3311 846 3396 frigus
872 3312 1057 3376 continuum
1085 3333 1188 3398 usque
1217 3310 1260 3375 ad

133 3399 256 3464 Maium
283 3418 357 3460 cum
384 3417 504 3480 magna
528 3395 692 3478 ariditate;
719 3395 879 3459 dominica
904 3416 982 3460 vero
1008 3393 1144 3460 (lentate
1170 3395 1366 3464 veniturum.

13 3495 17 3520 ¹
133 3483 246 3570 pluvia
265 3481 397 3566 copiosa
415 3479 553 3564 irrigans
574 3478 698 3543 aridam
718 3478 880 3549 terram?

218 3565 258 3629 In
278 3563 438 3628 dominica
457 3571 533 3648 post
552 3561 681 3648 pascha,
708 3560 856 3626 videlicet
876 3508 1407 3656 MisericordiaFlamini,semaa³

136 3649 284 3715 omnibus
301 3654 405 3712 'antea
430 3668 489 3732 per
516 3668 627 3732 regem
654 3653 686 3710 et
706 3645 868 3731 principes
894 3645 978 3710 inter
1002 3645 1259 3731 archiepiscopos

134 3733 370 3818 *Maguntinost
398 3730 547 3796 videlicet
573 3728 775 3794 Ludovicum
796 3737 828 3793 et
848 3712 1303 3814 Adollhmwomplanntffiv.
1316 3749 1366 3791 rsa

134 3818 289 3883 remansit
309 3809 730 3913 bdolfusmrchiepiscopus
751 3812 966 3897 Maguntiuua
987 3812 1191 3876 confirmatus
1217 3809 1259 3876 ab

13 3929 17 3958 ν
134 3901 277 3984 Urbano,
300 3907 333 3964 et
346 3898 407 3962 fuit
420 3895 557 3984 gloriose
571 3905 778 3962 mtromsatus
799 3905 831 3961 et
845 3904 1012 3984 susceptus
1033 3897 1068 3959 in
1080 3895 1260 3980 Maguncio

256 3995 388 4072 aret

136 4072 159 4126 a)
174 4073 264 4114 auxta
294 4081 391 4128 Qum.
445 4069 470 4123 b)
487 4071 597 4121 gewcrrtr
612 4081 630 4112 a
676 4066 697 4121 o)
712 4044 860 4120 perdurando
875 4079 895 4111 c.
941 4067 965 4121 d)
982 4069 1052 4110 duces
1067 4075 1087 4110 c.
1133 4066 1155 4120 s)
1172 4077 1258 4110 cumo.

133 4084 305 4184 perparcmsso
321 4133 358 4181 πῆς
374 4142 412 4175 sm.
427 4141 475 4172 cum
490 4114 562 4172 (ΗΥ.
623 4126 743 4180 oterram
757 4117 828 4178 subm.
1005 4135 1038 4162 υ

139 4269 168 4336 1)
191 4269 296 4323 Tartar
313 4247 362 4338 fl..
421 4269 450 4336 2)
469 4269 612 4322 Mardus
629 4267 776 4336 duplorum
800 4269 848 4321 boc
867 4284 939 4320 como
965 4283 983 4319 a
1000 4265 1188 4335 Buckiaptom
1207 4283 1260 4334 per

139 4343 256 4396 Galliam
274 4341 502 4409 septmstriorsclam
520 4341 550 4394 ia
568 4341 724 4394 Bistoniam
741 4342 868 4395 minorem
886 4341 1042 4394 ducebatur.
