3090 4962
447 393 655 446 CHRONIOON
674 395 926 448 MOGUNTINUM.
1208 401 1248 451 IX

212 564 267 628 Eoo
288 563 340 627 lis
361 560 472 629 uerbis
494 571 644 648 apparet,
673 585 755 646 eccm,
785 566 843 648 qai
863 588 903 629 ea
924 566 1067 650 scripsit,
1097 567 1247 632 clericum
1258 574 1387 616 ΜΝ

128 659 158 713 et
185 649 423 714 necessitudine
452 649 598 734 quadam
622 647 760 732 pietatis
789 672 861 713 cum
888 651 1012 715 decano
1041 655 1248 717 coniunctum

117 734 242 818 fuisse.
295 733 364 797 Nec
395 731 538 797 alienum
571 732 610 796 ab
646 754 682 794 re
714 733 844 797 uidetur
875 737 1055 818 suspicari,
1086 747 1249 802 auctorem

36 857 37 866 κ
128 819 287 883 carminis
308 819 429 902 ipsum,
454 817 660 881 Fridericum
682 817 861 898 Naaman,
882 842 921 882 ea
942 821 1129 904 scripsisse;
1152 831 1247 906 atque

129 905 188 967 loc
217 925 252 966 eo
281 904 399 987 napis,
431 901 518 987 quod
549 900 643 964 aliud
665 903 763 965 etiam
784 924 916 966 carmen
937 905 1007 967 cias
1027 905 1145 970 Latine
1167 928 1248 969 com·

127 988 279 1072 positum,
313 987 432 1050 addita
459 987 687 1050 dissertatione
720 986 758 1048 de
788 995 894 1052 terrae
925 988 1064 1054 motibus
1093 1013 1124 1056 a.
1155 989 1266 1071 1528„

128 1080 250 1151 castat,
288 1065 391 1156 quod
410 1069 512 1134 eidem
545 1070 724 1134 Laurentio
759 1071 948 1153 Truclsscss‚
984 1071 1141 1138 Mesenati
1177 1095 1246 1156 suo,

128 1155 314 1220 dedicatum
342 1164 418 1219 est1.
471 1153 568 1217 Hanc
599 1154 636 1218 ob
665 1177 732 1218 rem
759 1155 934 1219 uerisimile
960 1157 1042 1220 milei
1066 1158 1246 1240 videbatur,

127 1240 265 1304 eundem
286 1248 316 1301 et
336 1239 507 1322 scripsisse
529 1247 557 1300 et
573 1240 758 1322 possedisse
779 1249 879 1303 totam
901 1240 1050 1321 codicem,
1076 1244 1134 1328 qui
1154 1245 1247 1306 intra

129 1346 237 1388 annos
261 1323 351 1386 1520.
378 1332 406 1386 et
435 1322 526 1386 1528.
555 1333 714 1387 exaratus
742 1333 796 1386 est.
846 1324 969 1388 Eodem
996 1327 1081 1390 enim
1107 1335 1247 1410 tempore

128 1408 267 1472 Nausea
289 1407 437 1492 primum
490 1406 634 1490 rofessor
655 1409 881 1472 uniuersitatis
902 1408 1086 1473 litterarum
1109 1410 1249 1497 Mopun·

34 1491 36 1578 l
127 1493 219 1555 tinae
240 1502 320 1572 erat,
342 1501 410 1555 tam
432 1514 452 1554 a
466 1490 640 1575 iqnamdin
661 1491 878 1574 Itrancm‘urti
899 1493 945 1556 ad
967 1493 1118 1558 Moenum
1139 1517 1247 1558 sacer·

33 1591 35 1668 i
129 1577 255 1641 dotium
277 1574 311 1639 S.
328 1573 575 1639 Bartholomaei
595 1576 745 1660 perebat;
768 1577 823 1639 sed
845 1576 901 1656 ibi,
923 1600 996 1640 cum
1018 1577 1248 1660 reformationi

33 1671 34 1700 t
129 1661 339 1724 Lutlseranae
355 1661 597 1740 adversaretur,
620 1661 747 1724 diutins
766 1683 897 1724 manere
919 1683 986 1724 non
996 1665 1126 1745 potuit;
1150 1685 1247 1748 quam

129 1745 167 1808 ob
195 1768 263 1808 rem
285 1753 397 1809 orator
424 1767 446 1808 a
467 1745 574 1808 sacris
595 1744 804 1830 Mopantiam
826 1744 934 1827 rediit,
965 1745 1052 1810 unde
1074 1749 1247 1831 episcopus

32 1833 34 1918 g
137 1830 355 1895 Vindobonom
378 1831 554 1892 arcessitae
575 1837 647 1892 est².

32 1969 34 2046 l

213 1914 280 1980 Sed
311 1913 397 1976 lanc
437 1915 672 1993 coniecturam,
707 1915 857 1998 qnansois
888 1913 1107 1994 uerisimilem,
1150 1937 1248 2000 quam

119 2000 194 2084 feci
220 2001 258 2063 in
286 1997 427 2062 editione
454 2020 526 2060 mea
554 1995 754 2061 Germanica
781 1997 958 2079 (‘Maineer
987 1997 1180 2063 Otrooteen’
1202 1999 1248 2081 II,

124 2107 162 2169 p.
187 2083 264 2164 135)
287 2105 357 2146 cam
380 2082 417 2146 ol
439 2104 575 2145 causam
596 2082 708 2161 abieci,
732 2082 819 2167 quod
839 2081 1050 2166 epistolarum
1074 2107 1095 2146 a
1114 2083 1250 2148 Nausea

129 2191 193 2232 sua
220 2167 560 2250 manuscriptorum,
589 2188 673 2251 qaae
699 2168 736 2230 in
763 2166 928 2232 tabulario
956 2166 1172 2250 Francofurti
1204 2169 1249 2232 ad

31 2297 32 2312 t
128 2253 281 2318 Moenum
302 2259 487 2329 seruantur,
509 2251 627 2314 ductus
647 2251 830 2315 litterarum
851 2249 936 2315 nulli
956 2273 997 2315 ea
1014 2254 1120 2317 uariis
1140 2255 1247 2317 mani·

31 2333 32 2342 ’
128 2337 187 2400 bus
209 2335 331 2400 similes
353 2345 439 2414 sant,
462 2357 545 2418 qaae
567 2335 634 2398 siue
655 2336 693 2398 in
714 2333 774 2398 illa
796 2344 885 2414 nota,
907 2336 974 2398 sive
996 2335 1075 2398 aliis
1096 2337 1134 2398 in
1153 2335 1248 2401 addi·

128 2423 280 2486 tamentis
301 2418 350 2484 oel
370 2418 489 2504 plossis
510 2419 547 2481 in
568 2421 719 2503 marpine
742 2419 922 2504 adscriptis
943 2421 1192 2483 inveniuntur&

217 2503 323 2578 Quam
343 2504 380 2567 ob
395 2525 462 2566 rem
478 2503 567 2566 alius
583 2503 778 2567 collectionis
794 2502 886 2567 illius
900 2503 1119 2568 memorabilis
1134 2513 1249 2568 auctor

129 2589 352 2676 exquirendus
381 2597 435 2652 est.
485 2588 540 2650 En
569 2591 716 2652 carmine
746 2587 804 2651 illo
831 2611 896 2672 per
926 2609 959 2651 se
986 2588 1152 2668 mediocri,
1185 2609 1248 2672 quo

130 2673 245 2760 epulae
274 2695 296 2736 a
318 2674 441 2737 decano
461 2672 641 2736 Laurentio
658 2673 833 2736 (Iraclssss
855 2682 1064 2756 comparatae
1085 2671 1247 2736 celebran-

129 2769 194 2840 tur,
215 2761 252 2822 in
274 2756 490 2820 collectionem
510 2766 637 2840 recepto
659 2756 811 2821 concludi
827 2765 944 2840 potest,
972 2754 1162 2839 interfuisse
1184 2755 1247 2820 col-

128 2844 257 2907 lectoris
278 2851 306 2903 et
328 2863 394 2904 rem
415 2850 445 2904 et
466 2863 596 2905 carmen
618 2863 873 2905 commemorare.
919 2839 993 2916 Qua
1015 2863 1056 2904 en
1080 2862 1116 2902 re
1137 2837 1249 2926 collipi

124 2937 243 3014 potest,
265 2926 365 2991 luins
380 2926 504 2989 codicis
519 2935 681 2990 auctorem
695 2927 727 2989 si
743 2947 810 2990 non
823 2924 1004 3007 Nauseam,
1025 2935 1132 2990 tamen
1153 2925 1247 2989 deca·

130 3035 210 3077 num
230 3014 340 3096 ipsum
362 3031 428 3073 esse
436 3017 459 3074 ⁴.

217 3095 324 3170 Quam
349 3117 417 3160 rem
437 3095 487 3158 ita
509 3115 541 3157 se
563 3093 689 3175 labere,
716 3115 805 3158 nunc
827 3115 868 3156 esc
889 3093 1088 3158 documentis
1104 3093 1247 3179 probare

125 3203 271 3266 possum.

132 3341 160 3406 1)
178 3340 291 3392 Librum
309 3342 379 3408 typis
398 3340 598 3408 suprimendsnn
616 3348 778 3392 curaverunt
789 3337 1008 3404 Frena-Sauos,
1027 3339 1175 3406 Scriptores
1187 3340 1247 3405 III,

125 3435 156 3483 p,
171 3417 233 3480 309,
261 3415 430 3481 asscriptum:
462 3412 598 3466 Friderici
627 3413 753 3465 Nauseae
780 3410 1013 3480 Blancicnmpiani
1043 3415 1076 3466 de
1101 3415 1247 3481 praecipuo

130 3489 210 3541 huius
235 3489 301 3539 anni
321 3496 383 3554 post
403 3487 535 3538 Christum
552 3496 646 3538 natam
664 3486 779 3537 MDXX
782 3486 862 3540 VIII.
882 3487 956 3552 apud
975 3485 1142 3554 Mopuntiam
1161 3497 1248 3540 terrae

129 3569 201 3614 motu
224 3578 387 3627 responsum.
431 3560 568 3624 Praefatio
588 3569 676 3612 autem
697 3559 804 3626 incipit:
826 3561 864 3612 Ut
882 3561 945 3611 olim
959 3562 1103 3614 Mecaenas
1121 3563 1166 3613 ille
1186 3579 1248 3614 cum

129 3637 228 3687 Flacco
252 3651 299 3687 suo
318 3635 464 3699 Venusino,
488 3635 526 3685 ita
544 3640 581 3699 tu,
601 3635 745 3686 reverende
763 3635 851 3699 Pater,
871 3649 931 3685 cum
950 3636 1057 3687 Nausea
1075 3641 1121 3688 tuo
1140 3637 1247 3687 Blsnci-

130 3711 272 3776 campiano
292 3710 349 3775 agis
369 3713 393 3759 et
409 3715 455 3761 cet.
530 3707 559 3774 2)
579 3707 704 3760 Securius
723 3707 752 3759 in
765 3707 877 3758 Ioannis
891 3707 952 3760 Ber.
966 3707 1084 3774 Mopunt.
1099 3709 1123 3773 I,
1138 3727 1170 3775 p.
1188 3711 1247 3773 127,

129 3780 242 3834 Ioannis
261 3781 424 3848 spicilspium
437 3800 467 3847 p.
481 3780 544 3844 544,
564 3790 589 3832 et
606 3781 721 3845 Salamis,
741 3781 873 3848 ‘Bcitrttpe
887 3797 935 3830 eur
949 3780 1070 3832 Mainzer
1084 3780 1246 3834 Gesclicltte'

130 3855 189 3920 III,
206 3873 235 3921 p.
248 3857 310 3919 143,
323 3855 370 3906 ubi
381 3855 481 3923 scripta
494 3854 551 3906 ains
563 3855 650 3906 relata
662 3863 731 3906 sant.
799 3855 829 3918 3)
850 3854 908 3905 Hoc
923 3853 1040 3919 primum
1059 3855 1248 3906 animaduertit

129 3927 163 3980 A.
189 3929 262 3996 Wpss
284 3930 314 3980 in
336 3946 383 3980 sno
403 3928 627 3980 commentariolo:
651 3926 713 3979 ‘Dic
729 3925 853 3995 Auspabc
874 3928 923 3979 der
947 3927 1070 3979 Mainzer
1090 3926 1246 3980 Chronikcn.

130 4002 198 4054 Eine
209 4002 310 4056 Studio,
350 4003 539 4054 Westdeutsclse
552 4001 704 4068 chtsclsn'jt
722 3999 791 4067 Jlffl
804 3999 863 4064 III,
878 4018 907 4066 p.
921 4001 966 4064 48,
986 4003 1057 4067 prod
1075 4011 1174 4053 rectum
1193 4018 1247 4053 csse

129 4076 186 4141 ipse
203 4075 269 4127 milii
282 4075 418 4143 persuasi,
433 4083 575 4143 postquam
587 4075 710 4142 epistolas
728 4073 791 4124 illas
809 4073 921 4139 inspecti.
962 4071 1031 4126 Sunt
1050 4076 1119 4126 enim
1132 4075 1247 4142 quinque

131 4167 156 4203 α.
177 4149 256 4201 1529.
282 4147 409 4214 scriptae,
442 4167 556 4216 quarum
584 4147 633 4198 uni
655 4147 809 4212 subscripsit
834 4148 980 4198 ‘Friedrich
1005 4150 1127 4213 Nausea'‚
1154 4147 1246 4200 ceteris

130 4240 223 4274 nomen
246 4239 325 4273 sunm
340 4223 437 4289 pentile
457 4223 551 4287 ‘Grsw‚
571 4222 677 4288 pfsrher
694 4238 728 4272 nu
746 4222 894 4286 Francfort‚
920 4223 978 4272 icso
998 4223 1196 4288 thumprediger
1214 4238 1247 4274 eu

130 4297 234 4360 Mente’,
259 4294 366 4350 indidit.
441 4295 471 4363 4)
496 4296 598 4347 Eadem
617 4295 766 4346 coniectsaa
788 4295 844 4346 iam
868 4295 898 4347 in
917 4313 1002 4362 supra
1021 4297 1102 4346 allato
1122 4295 1246 4364 Oatalopo

131 4370 207 4421 codd.
226 4368 386 4422 Latinorum
400 4387 430 4437 p.
446 4371 507 4424 123.
522 4367 663 4436 proposita
681 4377 727 4420 est.
