3088 4962
410 409 621 460 CHRONIOON
639 409 890 461 MOGUNTINUM.
928 411 961 460 A.
983 409 1063 462 1388.
1260 413 1294 462 59

170 584 317 662 tempora
338 577 432 658 bona,
460 577 518 642 sed
542 578 675 663 pessimi
695 577 831 658 insultus
851 579 1103 668 guerrarumjn
1124 577 1296 643 Alamania

170 661 255 724 inter
269 659 439 726 Switcnaea
461 644 891 742 Mmmmefduces
913 659 1059 743 Bavarie,
1087 661 1233 726 dominos
1255 661 1295 727 de

169 741 379 829 Wirtenbcrg
415 753 448 809 et
479 766 590 808 eorum
622 743 817 838 auxilimhrs]
838 752 871 808 et
901 744 1045 809 civitates
1077 744 1118 809 de
1151 746 1315 830 *bundas

148 829 153 838 '
172 828 379 913 interregem
393 828 538 908 Francia,
556 827 771 892 Brabantinos
788 835 820 891 et
839 825 936 890 duces
950 820 1114 914 Iuliaqi'tst
1133 823 1304 894 Geldi'less

170 910 242 974 Rex
269 911 405 976 Francia
426 913 545 976 invasit
570 920 689 976 terram
711 911 868 974 dictorum
898 959 905 974 .
935 918 1046 990 Apum
1061 919 1084 976 ‘.
1109 961 1116 976 .
1139 915 1293 999 equitum,

170 1015 245 1057 cum
266 995 411 1060 curribus
432 1003 464 1060 ct
485 994 580 1080 bigis,
608 993 721 1059 habuit
741 996 776 1057 in
796 995 939 1058 exercitu
967 1016 1024 1059 suo
1047 995 1186 1060 sedecim
1207 995 1296 1061 milia

171 1076 308 1141 militum
328 1087 361 1142 ct
381 1079 622 1163 armigerorum,
651 1079 706 1164 qui
733 1087 825 1142 erant
845 1079 953 1143 amicti
974 1079 1086 1143 sindo·
1108 1087 1141 1144 et
1163 1127 1170 1144 .
1194 1129 1202 1144 .
1222 1101 1295 1190 prs-

170 1159 511 1226 ciosisffiesumenus
537 1169 569 1226 ct
590 1163 693 1226 ornati
713 1160 827 1226 balteis
849 1163 954 1226 aurcis
975 1171 1008 1226 ct
1028 1164 1196 1248 argenteis,
1243 1163 1296 1228 de·
1305 1171 1410 1226 *s·1³1‘·

171 1252 334 1308 vastantes
361 1253 480 1310 terram
507 1244 664 1309 dictorum
692 1245 820 1309 ducum.
863 1239 1114 1311 decfflffim
1135 1245 1232 1311 duces
1253 1247 1296 1312 ad

171 1327 315 1412 graciam
344 1349 445 1411 suam,
476 1327 595 1392 scilicet
619 1329 715 1413 rcgis,
746 1349 780 1392 se
808 1328 1017 1408 concitemus,
1051 1338 1084 1394 et
1108 1331 1184 1395 hom
1229 1331 1295 1394 ‘um

170 1409 235 1475 sibi
257 1459 296 1475 ..
349 1413 506 1476 restitum.
553 1411 599 1475 Et
624 1412 671 1475 sic
696 1413 828 1475 recessit
849 1411 890 1476 ab
912 1414 970 1495 eis,
993 1403 1223 1494 datlstunen
1246 1435 1294 1480 as.

255 1493 295 1558 In
317 1495 324 1509 ⁸
350 1518 368 1559 o
390 1503 535 1580 tempore
550 1503 638 1558 ortus
660 1503 709 1560 est
722 1494 934 1559 lamentabilis
949 1517 1146 1580 gwemmm
1159 1497 1419 1578 ins-tutusd

171 1579 256 1642 inter
276 1577 373 1643 duces
387 1580 525 1643 Bavaric
544 1587 576 1644 et
597 1577 887 1643 confederationem
908 1588 941 1642 ct
962 1579 1121 1665 opida'dc
1142 1580 1165 1644 li
1235 1582 1297 1666 ‚qui

170 1662 309 1726 invicem
348 1661 538 1726 cottidianas
571 1661 765 1727 exercebant
798 1663 994 1744 invasiones,
1030 1604 1228 1730 incendeddb
1265 1673 1298 1729 et
1418 1663 1422 1674 “

170 1743 364 1809 destruendo
394 1767 504 1810 omnes
530 1745 622 1810 villas
649 1753 682 1810 et
707 1745 778 1810 loca
798 1767 864 1809 non
885 1755 1011 1811 murata
1031 1749 1065 1810 in
1085 1747 1233 1831 Bavaria,
1263 1750 1298 1811 in

172 1828 292 1893 Suavis
313 1829 387 1893 hinc
399 1829 521 1894 indeet
534 1831 568 1892 in
582 1828 728 1914 partibus
742 1829 845 1894 Rheni
870 1829 955 1894 unde
968 1851 1063 1894 nemo
1077 1831 1218 1896 audebat
1231 1853 1297 1895 am-

73 1973 75 1976 .
170 1910 282 1977 bulare
302 1913 337 1976 in
357 1914 427 1976 istis
442 1913 589 1998 partibus
610 1935 670 1998 per
689 1914 786 1977 viam.
829 1879 903 1978 [lna
924 1913 999 1978 die⁶
1020 1915 1083 2000 ipsi
1103 1915 1235 2000 opidani
1255 1913 1297 1980 de

172 1993 292 2061 Suevia
322 2019 395 2060 cum
425 2005 494 2061 tota
524 2019 582 2062 sua
617 1995 860 2081 conglobatione
891 1997 931 2062 de
952 1996 1109 2083 Elllingen
1139 2000 1296 2081 exiemmt,

170 2078 314 2144 volentes
326 2080 489 2145 destruere
504 2089 536 2144 et
549 2079 684 2165 predere
701 2079 863 2178 quoddam
873 2081 1002 2144 firmum
1020 2083 1179 2230 olpirlcnr‘l
1193 2103 1297 2168 prope

172 2159 324 2227 winae*
358 2163 451 2226 Tunc
477 2164 512 2225 in
540 2162 724 2227 huiusmodr
754 2185 811 2226 suo
840 2166 983 2228 exercitu
1010 2187 1029 2228 o
1052 2167 1221 2230 viavenmt
1250 2167 1296 2230 eis

171 2247 331 2309 exercitus
353 2246 555 2311 dominorum
577 2245 617 2310 de
638 2245 846 2331 Wirtenbcrg
872 2255 905 2310 et
925 2246 1043 2311 ducum
1064 2247 1200 2313 Bavarie
1223 2269 1297 2312 cum

171 2349 284 2393 eorum
297 2329 483 2411 auxiliariis,
499 2330 554 2415 qui
571 2330 667 2428 pauci
681 2338 772 2393 erant
779 2337 928 2414 respectu
942 2330 1167 2417 opidanorum3
1188 2340 1297 2397 tamen

170 2413 356 2476 invaserunt
384 2435 439 2477 eos
467 2421 500 2478 et
526 2413 702 2477 div1serrmt
723 2413 920 2477 accercitum*
937 2414 1057 2478 ‘comm
1084 2436 1157 2478 cum
1178 2435 1296 2500 magno

171 2495 281 2560 labore
312 2505 345 2561 et
373 2497 617 2582 captivavenmt
648 2517 712 2578 cos,
747 2495 866 2560 scilicet
895 2504 1050 2582 quantum
1077 2506 1227 2583 poterant
1256 2497 1297 2562 de

171 2577 325 2644 militibus
351 2588 384 2645 et
481 2581 585 2662 'eris,
612 2579 729 2644 multos
756 2601 833 2644 vero
860 2579 900 2644 de
928 2579 1084 2665 opidanis,
1115 2580 1235 2646 scilicet
1254 2581 1297 2646 ad

171 2662 258 2728 millo
279 2663 351 2747 500,
373 2673 408 2728 et
427 2685 502 2750 amp
517 2665 565 2728 'us
587 2663 628 2728 de
649 2649 783 2746 rusticis}
794 2663 1020 2728 interfecerunt
1041 2685 1096 2729 eos
1110 2664 1296 2750 iugulando,

171 2748 315 2832 captivos
330 2757 439 2812 autem
460 2749 587 2833 magnis
609 2747 812 2828 cruciatibus,
835 2748 1056 2813 exactionibus
1078 2757 1111 2813 et
1132 2747 1216 2812 taliis
1238 2769 1297 2847 pu-

170 2832 307 2895 nienmt.
353 2831 505 2917 Sequitur
526 2832 668 2896 exiciosa
688 2840 721 2896 et
741 2829 915 2896 cottidiana
929 2853 1124 2916 gwerrarum
1145 2841 1295 2915 matena3

171 2923 285 2978 exuste
314 2924 389 2979 sunt
416 2937 527 2980 omnes
555 2924 660 2980 curtes
687 2924 720 2981 et
741 2914 866 2980 edificia
886 2917 1051 2980 civitamm
1072 2925 1105 2980 ot
1126 2915 1296 3002 opidorum

163 2998 206 3060 ,in
225 3021 299 3063 rure
322 3047 330 3062 .
354 3047 362 3063 .
385 3047 393 3081 ,
416 3007 449 3064 'et
492 3021 628 3085 aupcres
649 3000 718 3063 vim
738 2997 958 3098 paciebantur.

10 3144 14 3153 ,
255 3082 374 3147 Postea
401 3091 469 3148 sate
493 3083 552 3147 'tes
580 3083 768 3148 mercenarii
796 3082 961 3147 civitatum
983 3091 1015 3146 ct
1036 3082 1205 3169 opidorum
1229 3083 1346 3171 “l-eL

9 3175 13 3238 r
133 3163 1397 3316 ⁰³<buntiasslttdtt’dtttlttt’tttthltmthht*³⁸²

147 3404 150 3409 ,
196 3341 296 3415 antes,
318 3326 570 3418 pertransienmt
589 3342 690 3398 terras
709 3333 827 3397 ducum
842 3334 990 3415 Bavaaie,
1012 3335 1207 3419 comitump
1259 3335 1298 3398 ti-

171 3438 297 3497 norum,
325 3415 545 3480 marchionum
572 3415 612 3480 de
640 3416 752 3482 Baden
779 3424 812 3480 et
840 3415 992 3481 comitum
1019 3417 1236 3499 Wirtenber,
1264 3427 1298 3481 et

173 3521 284 3564 omnes
306 3521 418 3564 eorum
438 3498 529 3564 villas
552 3499 793 3586 conbusserunt,
815 3499 959 3565 homines
981 3509 1134 3586 ceperunt
1154 3509 1187 3565 et
1242 3522 1297 3586 ga

173 3592 257 3665 runt,
289 3591 399 3647 tamen
429 3605 540 3648 corum
571 3583 802 3664 munitionibus
833 3583 995 3648 modicum
1022 3593 1207 3648 nocuenmt.
1257 3584 1297 3648 In

173 3666 235 3730 hiis
247 3666 395 3732 omnibus
409 3659 553 3730 Adolfus‘
559 3667 776 3753 Magantinca
790 3667 1052 3797 archicpiscoptp
1066 3663 1295 3732 dissimulando

218 3775 369 3798 Q*-
1040 3804 1065 3823 υ
1135 3787 1244 3806 ,ιη-.-

173 3891 198 3945 a)
215 3894 299 3982 sides
358 3892 382 3946 b)
398 3894 514 3944 pratensis
529 3905 555 3942 a,
570 3905 628 3935 corr.
645 3905 692 3935 eam
709 3895 741 3935 W.
802 3894 823 3945 c)
840 3895 888 3960 ‘ml
902 3906 920 3936 c.
981 3893 1006 3945 d)
1020 3894 1045 3933 ia
1060 3894 1100 3952 lac.
1115 3894 1186 3943 suppl.

176 4061 206 4127 1)
230 4062 273 4114 Dc
292 4063 356 4116 bollo
370 4059 467 4114 Karcls'
487 4063 533 4115 VI.
546 4063 615 4132 repis
629 4080 687 4115 cam
700 4064 804 4115 duobus
818 4062 964 4126 duiletum,
979 4068 1059 4128 patra
1073 4064 1171 4129 etflliv,
1185 4061 1297 4114 ducibus

174 4209 205 4272 Ξ)
224 4209 382 4276 Doesficyeo
396 4225 482 4276 prope
500 4208 571 4272 Weil,
590 4211 637 4261 abi
655 4208 773 4262 οἱυίέαεοε
788 4211 949 4275 foederatae
968 4217 1060 4260 contra
1078 4208 1195 4261 comitem
1213 4209 1297 4260 Eber-

174 4283 292 4334 aaream
309 4289 334 4335 a
347 4282 436 4351 fictam
459 4281 577 4334 misam
594 4282 757 4334 armaturas
776 4291 800 4336 a
818 4284 921 4336 acaum
939 4291 1105 4348 asama,
1124 4283 1171 4335 aa
1195 4282 1298 4334 mser
1343 4268 1367 4332 N

1530 3959 1531 4004 l

174 4134 275 4187 Iuliacs‘
300 4145 324 4189 at
348 4135 475 4188 Geldn‘oc
506 4137 540 4201 cf.
561 4134 655 4188 cama
682 4135 767 4189 Limb.
793 4154 815 4187 a.
836 4137 897 4188 150.
920 4145 944 4189 et
964 4135 1161 4204 Koraiyshofcn
1181 4153 1213 4202 p.
1232 4137 1296 4188 843.

175 4355 278 4408 eccidit.

1528 4611 1530 4652 l
