3090 4962
426 380 635 434 CHRONIOON
654 381 905 434 MOGUNTINUM.
1155 388 1236 440 XVII

104 551 227 613 eisdem
254 548 454 633 temporibus
482 571 566 632 quae
588 549 742 614 describit
769 551 893 631 nivens,
927 561 963 614 ut
990 576 1062 617 cum
1089 552 1167 618 aliis
1193 576 1234 618 en

104 633 187 698 locis
219 641 287 696 tum
319 655 360 696 en
392 655 428 696 eo
461 631 645 718 intellepere
671 655 862 718 possumus,
896 636 984 720 quod
1017 638 1062 700 ad
1095 637 1233 701 c.1445

106 718 151 800 (f.
170 717 248 798 149)
272 717 428 780 adnotat:
451 715 509 780 der
530 716 633 780 Rhein
657 739 723 780 urar
744 739 780 782 so
803 739 904 802 grass,
927 719 1001 783 dass
1024 720 1081 784 das
1100 719 1235 788 Wasser

105 799 246 864 knieticf
276 801 310 863 in
347 800 485 864 meinem
521 821 656 884 grossen
692 799 802 866 Keller
842 825 882 864 zu
919 803 1093 869 Neuenhof
1128 805 1233 870 stand.

105 885 213 966 Idem,
263 887 301 948 ui
330 886 479 969 imperite
506 885 684 950 chronicon
706 887 929 970 continuavit,
959 890 1057 952 etiam
1081 891 1120 952 in
1147 891 1228 953 anti·

127 970 223 1032 uiore
243 908 345 1033 buius
361 969 512 1032 chronici
527 978 627 1052 parte
648 969 717 1034 loco
739 972 850 1054 inepto
873 970 919 1034 ad
940 971 1233 1057 a.1374(f.114')

106 993 202 1116 laud
223 1052 321 1116 dubie
343 1053 588 1116 adnotationem
609 1051 711 1133 illam,
739 1076 808 1138 qua
829 1056 945 1140 apitnr
965 1056 1005 1120 de
1025 1058 1098 1121 uini
1113 1059 1233 1142 pretio,

107 1138 196 1222 qnod
217 1146 288 1200 erat
310 1159 341 1199 a.
361 1137 451 1217 1426,
472 1139 623 1201 inscruit.

193 1345 274 1410 Alia
300 1347 505 1411 continuatio
535 1349 704 1412 inuenitur
729 1352 765 1411 in
791 1349 951 1414 Chronico
981 1352 1068 1434 qnod
1096 1352 1400 1421 accucurrerun-

105 1451 215 1495 rcrum
237 1430 270 1492 in
285 1437 391 1494 tractu
407 1430 510 1494 Rheni
530 1453 568 1494 su
593 1431 705 1496 erioris
723 1441 886 1518 gestarum
910 1433 952 1500 ab
966 1455 996 1498 a.
1013 1435 1233 1518 1361-1501,
1251 1415 1389 1510 'miii‘

107 1515 197 1601 quod
219 1538 241 1578 a
261 1515 460 1579 Witrdtwein
482 1517 520 1579 in
542 1454 636 1597 libro,
657 1517 756 1580 Noua
778 1516 939 1582 Subsidia
963 1518 1052 1601 VIII,
1068 1542 1106 1602 p.
1129 1519 1233 1583 392-
1282 1531 1363 1600 ,erut

106 1599 187 1678 402,
217 1601 305 1686 typis
326 1621 515 1683 capreosam
543 1610 639 1685 atque
660 1623 700 1663 esc
722 1602 780 1665 boc
803 1601 886 1665 libro
910 1625 931 1665 a
952 1601 1235 1667 Bbbmer·Huber
1248 1587 1386 1631 mmm

109 1683 271 1749 Cbronico
293 1683 348 1745 Mo
374 1684 490 1747 unt-ino
518 1683 660 1748 miscello
683 1685 818 1767 (Fontes
841 1687 875 1750 T.
897 1685 960 1766 IV)
990 1688 1148 1750 insertum
1177 1697 1233 1752 est.

110 1765 203 1840 Quae
232 1767 319 1830 ratio
350 1706 426 1831 laic
455 1770 579 1852 scripto
608 1791 681 1832 cum
713 1769 874 1835 Cbronico
904 1771 1102 1856 Mopnntino
1134 1771 1233 1835 inter·

106 1852 211 1934 cedat,
233 1873 274 1914 en
296 1851 354 1914 boc
377 1851 503 1916 demum
525 1849 693 1916 illustrari
712 1863 828 1938 potest.
873 1853 927 1916 En
950 1853 1007 1918 boc
1030 1855 1125 1935 enim,
1149 1876 1233 1938 quae

107 1935 146 2000 de
163 1937 265 1998 annis
282 1935 501 2000 1361-1399.
516 1937 643 2000 tradita
658 1947 745 2019 sunt,
766 1939 909 2021 exceptis
924 1940 1092 2002 sententiis
1108 1935 1234 2024 aliquot

107 2020 285 2084 contractis
301 2027 360 2082 aut
376 2021 413 2083 in
430 2029 608 2106 anqustum
623 2025 755 2102 coactio,
774 2021 963 2086 adverbum
978 2030 1132 2106 encerpta
1147 2033 1231 2088 sunt.

107 2102 230 2169 Electio
254 2113 360 2168 antem
382 2112 497 2168 temere
515 2105 617 2188 facta
647 2127 713 2168 esse
741 2106 888 2186 uidetur;
922 2089 1233 2193 copnoffinidem

108 2211 166 2252 nec
181 2186 357 2252 consilium
379 2210 437 2252 nec
459 2191 547 2253 ratio
562 2189 823 2253 continuationis
845 2189 959 2252 babitu
975 2199 1092 2274 potest.
1131 2191 1232 2255 Omis-

107 2294 178 2335 sum
206 2280 252 2335 est
279 2280 420 2356 tempus,
448 2274 535 2358 qnod
563 2281 608 2336 est
637 2275 725 2336 inter
752 2295 859 2336 annos
888 2273 1114 2340 1399-1457.
1161 2271 1232 2348 Quo

108 2379 197 2419 anno
221 2357 392 2420 adnotatio
414 2358 601 2420 invenitur:
623 2355 723 2420 Pueri
748 2355 781 2420 S.
797 2355 963 2419 Michaelis
985 2357 1234 2440 peregrinantur

109 2459 181 2502 cnm
205 2459 324 2522 magno
345 2439 455 2504 favore
477 2462 535 2524 per
549 2449 681 2520 turmas,
705 2441 887 2524 quecquid
909 2440 1073 2525 significet
1094 2463 1134 2503 en
1150 2464 1231 2505 com-

102 2525 284 2608 paratione
307 2523 434 2587 densum
456 2535 528 2587 cu'm
545 2525 712 2588 Tritbemii
730 2524 889 2588 Chronico
907 2523 1170 2608 Sponbeimensi,
1192 2545 1233 2588 en
1345 2586 1349 2590 .

130 2629 172 2670 uo
184 2617 315 2691 sumpta
328 2629 395 2670 esse
407 2607 547 2690 uidetur,
558 2606 705 2694 intellepi
712 2617 820 2693 potest
825 2629 836 2688 ;
849 2609 1008 2692 scripturn
1018 2610 1103 2672 enim
1114 2618 1159 2670 est
1168 2607 1232 2672 ibi:
1266 2641 1276 2648 -

101 2630 170 2754 vbis
191 2692 287 2755 etiam
302 2689 501 2775 temporibus
517 2712 568 2754 ma
592 2715 652 2756 nus
673 2713 844 2778 puerorum
868 2713 1044 2756 concursus
1065 2689 1107 2754 ad
1123 2689 1157 2756 S.
1173 2690 1232 2756 Mi·

108 2773 252 2838 chaelem
274 2775 307 2837 in
324 2775 502 2860 Hispaniae
516 2712 635 2839 finibus
651 2798 693 2840 ex
711 2776 799 2839 omni
813 2774 1007 2840 Alemannis
1021 2777 1122 2839 oritur
1136 2785 1165 2840 et
1177 2785 1233 2840 cet.

108 2858 241 2943 (Opera
259 2859 430 2923 Tritbemii
445 2859 490 2938 II,
505 2882 543 2944 p.
558 2861 649 2940 370).
678 2859 837 2946 Sequitur
852 2883 983 2925 carmen
1000 2883 1021 2922 a
1037 2858 1233 2924 Sebastiano

108 2943 221 3006 Brant
235 2941 354 3027 linqua
369 2943 495 3006 Latina
518 2943 563 3008 ad
578 2942 804 3007 celebrandam
826 2947 993 3008 inuentam
1016 2953 1116 3008 artem
1139 2954 1231 3030 typo-

107 3029 306 3111 9rapbicam
323 3029 534 3110 compositum
540 3051 552 3108 ,·
575 3037 642 3092 tum
664 3030 764 3090 series
781 3027 924 3092 brevium
940 3029 1169 3092 continuorum
1193 3050 1234 3091 ue

108 3113 411 3175 commentariorum
434 3112 472 3176 de
488 3113 588 3197 pestis
604 3112 768 3176 Friderici
787 3111 957 3175 Victoriosi
971 3111 1115 3176 electoris
1131 3051 1232 3196 pala-

34 3237 35 3240 *
107 3195 172 3258 tini
193 3194 234 3258 ab
258 3218 290 3258 a.
308 3194 399 3259 1460.
422 3197 664 3278 incipientium,
693 3197 751 3280 qui
773 3196 930 3275 carmine,
958 3197 1045 3280 quod
1072 3195 1232 3279 Wimpbe·

106 3277 180 3364 binp
203 3279 249 3342 ad
264 3276 491 3342 celebrandum
514 3301 585 3343 eum
608 3279 799 3364 composuit,
822 3276 1035 3360 clauduntur,
1056 3277 1234 3342 nonnulla-

107 3383 170 3446 que
198 3361 269 3424 alia
296 3383 399 3446 usque
431 3365 476 3426 ad
507 3387 538 3426 a.
561 3363 652 3432 1501.
681 3365 897 3446 pertinentia,
927 3384 991 3447 qno
1013 3363 1233 3448 Margaretba

107 3447 254 3526 ducissa,
276 3467 363 3509 naor
384 3447 535 3532 Philippi
557 3447 703 3512 electoris
721 3445 881 3532 palatini,
902 3455 1032 3510 mortua
1054 3455 1109 3510 est.
1155 3445 1234 3511 Cum

110 3528 272 3596 Obronico
288 3531 487 3615 Mopnntino
510 3532 590 3596 baec
613 3534 723 3596 omnia
745 3553 811 3594 non
834 3531 1014 3598 cobaercnt.
1050 3529 1233 3596 Coniuncta

108 3636 181 3677 cum
196 3613 345 3678 breuibus
361 3617 523 3699 encerptis
537 3637 577 3678 en
592 3637 627 3679 eo
640 3613 758 3699 factis,
781 3637 865 3698 quae
887 3616 984 3680 initio
1006 3615 1233 3694 inueniuntur,

108 3697 187 3761 baec
213 3700 416 3763 continuatio
447 3723 469 3762 a
491 3699 646 3763 Palatino
677 3699 820 3784 quodam
849 3707 991 3780 auctore,
1021 3699 1078 3782 qui
1101 3696 1232 3761 Heidel-

109 3779 225 3866 berpae
247 3781 432 3866 sepulcrum
447 3783 613 3848 Friderici
635 3782 806 3846 Victoriosi
829 3805 851 3845 a
872 3803 904 3845 se
923 3783 1122 3866 descriptum
1138 3781 1232 3862 uidit,

108 3867 233 3949 scripta
255 3888 322 3930 esse
344 3867 483 3931 videtur.

192 4067 333 4152 Aliquid
365 4070 599 4132 admirationis
632 4067 740 4149 babet,
771 4067 957 4134 Obronicon
989 4067 1233 4152 Mopuntinum,
1251 4053 1387 4151 22⁶?ssssss

108 4172 218 4214 rerum
226 4153 355 4236 fontem
370 4151 569 4216 uberrimum
580 4162 610 4214 et
620 4153 865 4236 pravissimum,
882 4152 941 4216 diu
958 4162 1016 4215 aut
1029 4149 1234 4296 incopnitum
1243 4182 1278 4212 m
1290 4171 1395 4210 curenno

110 4244 168 4297 aut
194 4235 372 4334 neplectum
391 4236 513 4320 fuisse.
557 4237 704 4319 Excepto
733 4237 818 4299 enim
846 4236 1076 4300 Wormatiensi
1096 4234 1164 4314 ulo,
1194 4235 1233 4297 de
1252 4229 1379 4326 lim?

109 4340 170 4402 quo
191 4341 260 4383 cam
283 4342 389 4404 supra
410 4322 572 4400 dicimus,
601 4315 827 4404 compilatore,
855 4321 977 4402 quiin
1005 4319 1143 4382 bistoria
1170 4339 1234 4380 sua

978 4436 1001 4485 B
