3076 4964
288 357 324 407 80
477 355 685 408 CHRONICON
703 355 953 408 MOGUNTINUM.
992 356 1024 406 A.
1047 355 1126 406 1400.
1148 353 1227 404 1401.

286 525 479 588 Ianuensem
501 523 542 587 ab
565 523 702 607 imperio
717 521 878 604 alienavit,
901 521 1067 585 dominum
1082 521 1357 586 Mediolanensem
1382 522 1420 582 in

288 608 403 672 ducem
433 609 571 689 creavit,
601 629 674 670 cum
703 605 887 670 infidelibus
917 605 1054 670 latenter
1082 613 1194 668 contra
1220 605 1418 670 christianos

286 693 399 775 tenuit,
428 692 574 756 doctores
596 713 688 755 sacre
709 689 870 775 theologie
892 689 1021 773 occidit,
1043 690 1212 754 innumera
1233 687 1328 770 mala,
1350 710 1417 774 que

248 851 273 860 ‚.
287 777 395 840 omnia
422 775 563 841 scribere
592 775 750 860 tediosum
777 774 871 857 foret,
899 775 1032 859 peregit.
1084 772 1203 838 Omnia
1230 773 1418 858 prescripta

286 861 481 942 factasunt,
512 861 662 924 scismate
688 862 722 922 iu
751 868 863 924 sancta
885 857 1022 923 ecclesia
1042 858 1190 922 Romana
1217 879 1276 942 per
1297 857 1416 940 viginti
1465 909 1470 914 .

286 956 351 1010 tres
373 965 474 1008 annos
496 943 642 1008 durante.

173 1046 230 1096 sent.
241 1046 277 1088 10.
370 1028 452 1091 Item
476 1038 594 1113 expost
615 1048 699 1090 anno
721 1024 835 1091 eodem
853 1023 979 1092 decima
1000 1025 1053 1090 die
1075 1025 1193 1090 mensis
1210 1023 1414 1110 Septembris

286 1134 345 1177 rex
365 1113 585 1176 Romanorum
607 1112 679 1192 dux!
696 1110 860 1195 Rupertus
887 1132 961 1174 cum
984 1110 1185 1195 principibus
1207 1108 1433 1190 electoribus}

287 1195 438 1260 videlicet
459 1194 590 1259 domino
613 1189 757 1258 iohanne
779 1193 820 1258 de
842 1193 986 1276 Nassaw,
1008 1193 1252 1278 archiepiscopo
1275 1195 1413 1278 Magun-

286 1281 413 1360 tineosi,
443 1279 572 1344 domino
594 1277 774 1344 Wernhero
803 1279 1048 1364 archiepiscopo
1070 1277 1266 1342 Treverenei
1292 1287 1324 1342 et
1353 1275 1412 1339 do-

288 1365 374 1426 mino
404 1415 411 1428 .
441 1375 470 1429 ,¹
493 1361 749 1448 (archiepiscopo
779 1360 967 1427 Coloniensi
996 1351 1303 1446 secundlimlpatrie
1334 1381 1412 1424 con-

288 1445 489 1512 suetudinem
512 1469 571 1532 per
593 1469 651 1511 sex
672 1445 888 1526 ebedomadas
913 1456 945 1510 et
965 1457 1030 1510 tres
1052 1445 1121 1509 die's
1142 1444 1412 1510 Franckfordiam

287 1539 433 1616 potenter
464 1528 602 1612 obsedit3
636 1531 754 1616 quibus
786 1527 896 1610 finitis}
929 1529 1014 1594 cives
1040 1529 1162 1594 ibidem
1193 1549 1320 1592 omnem
1349 1527 1413 1592 sibi

287 1614 503 1681 obedientiam
518 1625 554 1679 ut
568 1615 785 1679 Romanorum
802 1616 871 1699 regi
885 1613 1058 1678 fecerunt¹.
1101 1613 1151 1676 Ex
1177 1622 1227 1677 ost
1241 1610 1411 1678 intervallo

286 1698 414 1772 modico
446 1699 612 1764 interiecto
645 1698 750 1764 clerus
782 1697 995 1784 Maguntinue
1030 1718 1104 1760 cum
1162 1697 1168 1712 '
1195 1695 1266 1761 'bus
1303 1697 1411 1782 ipsum

286 1792 449 1868 gratanter
477 1793 509 1848 et
536 1783 686 1848 benivole
715 1783 748 1844 in
776 1804 887 1867 regem
915 1787 1137 1866 receperunt³,
1165 1789 1197 1845 et
1225 1780 1272 1844 sic
1299 1801 1412 1844 conse·

309 1876 422 1932 uenter
443 1888 554 1930 omnes
569 1866 716 1932 civitates
731 1867 812 1930 Reni
831 1864 1025 1952 imperiales,
1048 1863 1199 1929 videlicet
1212 1863 1411 1947 wormacia,

287 1891 393 2036 dpira,
416 1950 605 2034 Argentina,
627 1952 726 2014 etsie
749 1949 789 2014 dc
811 1949 956 2034 singulis.

165 2007 274 2111 *lili
370 2035 469 2098 *Item
484 2056 567 2098 anno
586 2023 797 2137 lldtffiorimo
816 2034 903 2098 idem
924 2055 983 2097 rex
1005 2032 1038 2095 in
1053 2032 1134 2096 festo
1153 2032 1326 2118 epiphanie
1342 2031 1410 2096 Do-

185 2129 263 2172 sse-⁰·
287 2119 365 2182 mini
393 2117 598 2202 presentibus
625 2119 827 2204 prmcipihus
857 2117 1012 2204 predictis
1034 2117 1067 2180 in
1090 2115 1227 2180 Colonia
1248 2127 1297 2181 est
1319 2137 1434 2204 com-s

274 2212 380 2285 ,natus
402 2211 434 2266 et
455 2225 475 2266 a
497 2201 623 2266 civibus
646 2200 893 2268 Coloniensibus
916 2199 1090 2265 honorifice
1111 2211 1270 2286 receptus,
1291 2201 1411 2265 facien-

271 2285 373 2354 tibus
402 2285 506 2350 eidem
536 2307 663 2350 omnem
694 2285 908 2352 obedientiam
939 2307 1036 2371 quam
1066 2284 1260 2350 debebant&
1312 2284 1409 2348 Oives

188 2421 190 2426 ,
269 2368 482 2518 'Apuisgrani
514 2380 646 2456 propter
679 2373 918 2436 coronationem
949 2371 1035 2454 regis
1067 2369 1148 2433 inibi
1180 2377 1342 2454 receptam
1375 2369 1411 2432 in

284 2456 318 2518 in
343 2475 510 2539 rgnucmne
543 2456 628 2538 regis
661 2455 878 2518 Romanorum
905 2451 1041 2538 Ruperti
1063 2455 1214 2535 existunt,
1248 2463 1280 2517 et
1306 2453 1451 2542 POJEiL-

284 2536 458 2604 verisimile
478 2538 559 2619 fore,
583 2539 669 2624 quod
693 2561 803 2602 omnes
825 2559 918 2623 reges
933 2539 1150 2602 Romanorum
1170 2537 1322 2622 deinceps
1343 2557 1410 2600 non

284 2625 318 2686 in
333 2623 462 2686 civitate
478 2624 635 2708 Aquensi‚
658 2623 714 2686 sed
731 2621 915 2687 Coloniensi
931 2631 1168 2687 coronarentur.
1212 2620 1256 2685 Et
1276 2629 1410 2706 propter

285 2706 422 2770 eandem
451 2707 689 2770 coronationem
717 2708 762 2770 sio
789 2706 908 2770 factam
936 2705 1114 2792 Rupertum
1143 2726 1253 2790 regem
1280 2703 1409 2769 Coloni·

286 2811 394 2855 ensem
417 2789 671 2874 appellaverunt.

162 2901 228 2942 nari.
240 2900 276 2940 14.
369 2873 452 2937 Item
484 2882 601 2960 expost
632 2895 716 2937 anno
750 2873 863 2938 eodem
891 2875 925 2936 in
953 2872 1092 2955 Marcio,
1131 2873 1179 2936 14.
1206 2871 1259 2938 die
1287 2873 1407 2936 mensis

285 2957 439 3039 ciusdem,
451 2967 525 3021 ante
541 2957 767 3042 crepusculum
783 2958 874 3043 quasi
890 2979 947 3042 per
961 2957 1073 3020 horam
1088 2958 1247 3041 integram
1259 2957 1408 3040 tonitrua,

267 3049 458 3125 memeque*
473 3041 714 3106 coruscationes
724 3041 854 3106 fuerunt
875 3039 944 3124 acilii
964 3043 998 3105 in
1016 3041 1122 3106 medio
1138 3026 1247 3132 estatis
1262 3041 1407 3122 fuissent,

286 3125 450 3210 alteraque
471 3135 566 3190 nocte
589 3126 669 3189 hora
690 3128 782 3212 quasi
804 3123 1053 3190 cadeni'ventus
1073 3135 1140 3189 tam
1162 3125 1293 3210 grandis
1314 3123 1408 3190 vehe-

286 3218 412 3273 menter
438 3210 544 3291 irruit,
577 3209 664 3296 quod
693 3210 820 3274 edificia
846 3209 925 3274 vilia
951 3212 1009 3274 vix
1040 3211 1191 3274 resistere
1223 3219 1406 3294 potuerunt.

285 3292 412 3356 Eodem
434 3303 577 3378 tempore
593 3293 723 3379 quidam
746 3315 882 3378 magnus
897 3295 1008 3379 predo,
1030 3293 1179 3360 videlicet
1199 3293 1322 3358 Ounrat
1342 3315 1407 3358 von

285 3375 464 3459 Hatzstein‚
486 3377 519 3440 in
535 3377 733 3463 Eppenstein
748 3389 850 3443 morte
871 3378 1011 3442 naturali
1048 3388 1200 3444 reventus
1217 3387 1275 3443 est.
1308 3377 1408 3443 Ouius

285 3469 430 3545 tempore
453 3460 569 3525 fratres
592 3463 651 3544 sui,
674 3461 754 3526 dicti
776 3460 929 3526 Rumlant
949 3472 981 3526 et
1042 3462 1175 3544 idekint‚
1199 3460 1407 3548 spoliationes

285 3566 464 3693 pauperum
495 3568 554 3630 per
579 3546 707 3610 diversa
735 3557 893 3610 terrarum
919 3546 1029 3632 spacia
1055 3557 1086 3612 et
1114 3546 1270 3632 precipue
1297 3546 1350 3610 hic
1374 3547 1408 3610 in

298 3630 365 3720 ocis
388 3630 626 3694 circumvicinis
648 3639 872 3696 exercuerunt.

286 3801 415 3854 metu

290 3945 316 4010 1)
336 3944 484 3997 Friolerico.
559 3945 588 4011 2)
604 3945 740 4010 Repertus
759 3945 802 3996 die
821 3946 865 3996 26.
889 3943 1406 4010 Oct.1400.Froecofurtumintroieit.

288 4017 384 4082 Ohmel,
410 4019 474 4086 Ray.
499 4018 613 4084 Ruperti
636 4019 705 4084 repis
726 4035 754 4084 p.
777 4021 802 4069 1.
889 4018 918 4086 3)
945 4019 1081 4084 Repertus
1099 4017 1246 4084 priuilepia
1271 4017 1407 4070 ciuitatum

286 4091 443 4160 Mogentiana
459 4101 483 4143 et
508 4091 664 4142 Wormetiae
682 4090 847 4158 confirmavit
866 4091 910 4142 die
929 4093 974 4143 31.
993 4091 1046 4142 Oct.
1084 4089 1173 4143 Obmel
1190 4093 1208 4144 l.
1228 4093 1246 4143 l.
1320 4089 1351 4156 4)
1367 4090 1406 4158 CJ
1437 4107 1441 4116 ’

286 4163 357 4217 Anu.
372 4163 460 4216 Coun.
474 4173 498 4215 et
511 4164 639 4228 Koellioff,
654 4162 819 4216 ‘Studteetrff
832 4163 917 4228 XIII,
932 4183 960 4231 p.
975 4165 1034 4215 139.
1047 4163 1127 4228 XIV,
1140 4182 1171 4231 p.
1184 4165 1245 4217 739.
1266 4163 1404 4216 eoronam

288 4237 410 4289 Ooloniue
426 4237 508 4304 fecta
532 4245 583 4302 eat,
615 4237 679 4302 quio
703 4235 932 4305 Aquispronenses
957 4237 1104 4304 Rupertum
1125 4254 1177 4302 pro
1203 4241 1262 4305 repe
1288 4236 1403 4304 accipiere

286 4311 436 4363 uoluerunt.
