<?xml version="1.0" encoding="UTF-8"?>
<!DOCTYPE html PUBLIC "-//W3C//DTD XHTML 1.0 Transitional//EN"
    "http://www.w3.org/TR/xhtml1/DTD/xhtml1-transitional.dtd">
<html xmlns="http://www.w3.org/1999/xhtml" xml:lang="en" lang="en">
 <head>
  <title>
</title>
<meta http-equiv="Content-Type" content="text/html;charset=utf-8" />
  <meta name='ocr-system' content='tesseract 3.04.00' />
  <meta name='ocr-capabilities' content='ocr_page ocr_carea ocr_par ocr_line ocrx_word'/>
</head>
<body>
  <div class='ocr_page' id='page_1' title='image "./chroniconmogunt00hegegoog_0029.png"; bbox 0 0 3090 4962; ppageno 0'>
   <div class='ocr_carea' id='block_1_1' title="bbox 442 387 1248 469">
    <p class='ocr_par' dir='ltr' id='par_1_1' title="bbox 442 387 1248 469">
     <span class='ocr_line' id='line_1_1' title="bbox 442 387 1248 469; baseline 0.005 -31"><span class='ocrx_word' id='word_1_1' title='bbox 442 387 649 469; x_wconf 83' lang='lat' dir='ltr'><strong>CHRONIOON</strong></span> <span class='ocrx_word' id='word_1_2' title='bbox 667 389 918 440; x_wconf 85' lang='lat' dir='ltr'><strong>MOGUNTINUM.</strong></span> <span class='ocrx_word' id='word_1_3' title='bbox 1181 393 1248 442; x_wconf 83' lang='lat' dir='ltr'><strong>XIII</strong></span> 
     </span>
    </p>
   </div>
   <div class='ocr_carea' id='block_1_2' title="bbox 25 555 1329 2575">
    <p class='ocr_par' dir='ltr' id='par_1_2' title="bbox 25 555 1329 2575">
     <span class='ocr_line' id='line_1_2' title="bbox 127 555 1248 644; baseline 0.003 -24"><span class='ocrx_word' id='word_1_4' title='bbox 127 558 219 620; x_wconf 88' lang='lat' dir='ltr'><strong><em>rium</em></strong></span> <span class='ocrx_word' id='word_1_5' title='bbox 241 555 304 618; x_wconf 86' lang='grc' dir='ltr'><strong><em>ΙΙΙ.</em></strong></span> <span class='ocrx_word' id='word_1_6' title='bbox 327 557 437 619; x_wconf 91' lang='lat' dir='ltr'><strong><em>missis</em></strong></span> <span class='ocrx_word' id='word_1_7' title='bbox 459 555 497 638; x_wconf 89' lang='lat' dir='ltr'><strong><em>(l.</em></strong></span> <span class='ocrx_word' id='word_1_8' title='bbox 518 555 595 640; x_wconf 83' lang='lat' dir='ltr'><strong><em>tp.</em></strong></span> <span class='ocrx_word' id='word_1_9' title='bbox 616 555 810 638; x_wconf 79' lang='lat'>287-306).</span> <span class='ocrx_word' id='word_1_10' title='bbox 848 559 937 623; x_wconf 87' lang='lat' dir='ltr'><strong><em>-Tum</em></strong></span> <span class='ocrx_word' id='word_1_11' title='bbox 953 581 1071 644; x_wconf 89' lang='lat' dir='ltr'><strong><em>pauca</em></strong></span> <span class='ocrx_word' id='word_1_12' title='bbox 1092 561 1132 624; x_wconf 89' lang='lat' dir='ltr'><strong><em>de</em></strong></span> <span class='ocrx_word' id='word_1_13' title='bbox 1154 559 1248 623; x_wconf 90' lang='lat' dir='ltr'><strong><em>Petro</em></strong></span> 
     </span>
     <span class='ocr_line' id='line_1_3' title="bbox 127 639 1248 728; baseline 0.004 -26"><span class='ocrx_word' id='word_1_14' title='bbox 127 649 157 703; x_wconf 91' lang='lat' dir='ltr'><strong><em>et</em></strong></span> <span class='ocrx_word' id='word_1_15' title='bbox 179 639 325 704; x_wconf 88' lang='lat' dir='ltr'><strong><em>Matthia</em></strong></span> <span class='ocrx_word' id='word_1_16' title='bbox 347 640 605 724; x_wconf 76' lang='lat' dir='ltr'><strong><em>archiepiscopis</em></strong></span> <span class='ocrx_word' id='word_1_17' title='bbox 627 641 845 726; x_wconf 72' lang='lat' dir='ltr'><strong><em>Moquntinis,</em></strong></span> <span class='ocrx_word' id='word_1_18' title='bbox 872 665 1009 728; x_wconf 79' lang='lat' dir='ltr'><strong><em>quorum</em></strong></span> <span class='ocrx_word' id='word_1_19' title='bbox 1031 643 1085 707; x_wconf 91' lang='lat' dir='ltr'><strong><em>ille</em></strong></span> <span class='ocrx_word' id='word_1_20' title='bbox 1107 667 1138 706; x_wconf 87' lang='lat' dir='ltr'><strong><em>o.</em></strong></span> <span class='ocrx_word' id='word_1_21' title='bbox 1157 643 1248 726; x_wconf 80' lang='lat'><strong>1320,</strong></span> 
     </span>
     <span class='ocr_line' id='line_1_4' title="bbox 127 723 1247 813; baseline 0.004 -27"><span class='ocrx_word' id='word_1_22' title='bbox 127 723 182 788; x_wconf 93' lang='lat' dir='ltr'><strong><em>hic</em></strong></span> <span class='ocrx_word' id='word_1_23' title='bbox 206 747 237 787; x_wconf 86' lang='lat' dir='ltr'><strong><em>a.</em></strong></span> <span class='ocrx_word' id='word_1_24' title='bbox 259 723 349 788; x_wconf 81' lang='lat'>1328.</span> <span class='ocrx_word' id='word_1_25' title='bbox 371 733 518 788; x_wconf 91' lang='lat' dir='ltr'><strong><em>mortuus</em></strong></span> <span class='ocrx_word' id='word_1_26' title='bbox 539 733 599 804; x_wconf 91' lang='lat' dir='ltr'><strong><em>est,</em></strong></span> <span class='ocrx_word' id='word_1_27' title='bbox 628 745 668 788; x_wconf 83' lang='lat' dir='ltr'><strong><em>en</em></strong></span> <span class='ocrx_word' id='word_1_28' title='bbox 690 726 917 810; x_wconf 86' lang='lat' dir='ltr'><strong><em>episcoporum</em></strong></span> <span class='ocrx_word' id='word_1_29' title='bbox 939 727 1088 813; x_wconf 75' lang='lat' dir='ltr'><strong><em>catolopo</em></strong></span> <span class='ocrx_word' id='word_1_30' title='bbox 1110 729 1247 792; x_wconf 88' lang='lat' dir='ltr'><strong><em>tradun-</em></strong></span> 
     </span>
     <span class='ocr_line' id='line_1_5' title="bbox 129 806 1248 894; baseline 0.004 -24"><span class='ocrx_word' id='word_1_31' title='bbox 129 817 196 871; x_wconf 89' lang='lat' dir='ltr'><strong><em>tur.</em></strong></span> <span class='ocrx_word' id='word_1_32' title='bbox 238 806 429 892; x_wconf 73' lang='lat' dir='ltr'><em>Sequuntur</em></span> <span class='ocrx_word' id='word_1_33' title='bbox 449 807 622 888; x_wconf 87' lang='lat' dir='ltr'><strong><em>nonnulla,</em></strong></span> <span class='ocrx_word' id='word_1_34' title='bbox 644 831 727 894; x_wconf 80' lang='lat' dir='ltr'><strong><em>quae</em></strong></span> <span class='ocrx_word' id='word_1_35' title='bbox 748 819 860 874; x_wconf 89' lang='lat' dir='ltr'><strong><em>temere</em></strong></span> <span class='ocrx_word' id='word_1_36' title='bbox 883 813 1096 876; x_wconf 68' lang='lat' dir='ltr'><strong><em>en‘chronico</em></strong></span> <span class='ocrx_word' id='word_1_37' title='bbox 1118 815 1248 876; x_wconf 85' lang='lat' dir='ltr'><strong><em>univer-</em></strong></span> 
     </span>
     <span class='ocr_line' id='line_1_6' title="bbox 129 891 1250 981; baseline 0.002 -25"><span class='ocrx_word' id='word_1_38' title='bbox 129 893 199 956; x_wconf 90' lang='lat' dir='ltr'><strong><em>sali</em></strong></span> <span class='ocrx_word' id='word_1_39' title='bbox 214 893 369 957; x_wconf 87' lang='lat' dir='ltr'><strong><em>Mariani</em></strong></span> <span class='ocrx_word' id='word_1_40' title='bbox 384 891 484 974; x_wconf 78' lang='lat' dir='ltr'><strong><em>Scoti,</em></strong></span> <span class='ocrx_word' id='word_1_41' title='bbox 507 895 565 978; x_wconf 84' lang='lat' dir='ltr'><strong><em>qui</em></strong></span> <span class='ocrx_word' id='word_1_42' title='bbox 586 893 678 956; x_wconf 92' lang='lat' dir='ltr'><strong><em>homo</em></strong></span> <span class='ocrx_word' id='word_1_43' title='bbox 700 891 881 976; x_wconf 83' lang='lat' dir='ltr'><strong><em>solitarius,</em></strong></span> <span class='ocrx_word' id='word_1_44' title='bbox 902 896 1094 981; x_wconf 77' lang='lat' dir='ltr'><strong><em>Mopuntioe</em></strong></span> <span class='ocrx_word' id='word_1_45' title='bbox 1116 898 1151 960; x_wconf 90' lang='lat' dir='ltr'><strong><em>in</em></strong></span> <span class='ocrx_word' id='word_1_46' title='bbox 1170 896 1250 960; x_wconf 85' lang='lat' dir='ltr'><strong><em>cella</em></strong></span> 
     </span>
     <span class='ocr_line' id='line_1_7' title="bbox 126 975 1249 1066; baseline 0.003 -26"><span class='ocrx_word' id='word_1_47' title='bbox 126 977 323 1040; x_wconf 88' lang='lat' dir='ltr'><strong><em>monasterii</em></strong></span> <span class='ocrx_word' id='word_1_48' title='bbox 341 975 376 1040; x_wconf 86' lang='lat' dir='ltr'><strong><em>S.</em></strong></span> <span class='ocrx_word' id='word_1_49' title='bbox 391 977 535 1042; x_wconf 89' lang='lat' dir='ltr'><strong><em>Martini</em></strong></span> <span class='ocrx_word' id='word_1_50' title='bbox 555 976 714 1059; x_wconf 86' lang='lat' dir='ltr'><strong><em>inclusus,</em></strong></span> <span class='ocrx_word' id='word_1_51' title='bbox 737 1000 819 1061; x_wconf 91' lang='lat' dir='ltr'><strong><em>opus</em></strong></span> <span class='ocrx_word' id='word_1_52' title='bbox 840 1001 935 1043; x_wconf 90' lang='lat' dir='ltr'><strong><em>suum</em></strong></span> <span class='ocrx_word' id='word_1_53' title='bbox 957 979 1095 1066; x_wconf 74' lang='lat' dir='ltr'><strong><em>confecit</em></strong></span> <span class='ocrx_word' id='word_1_54' title='bbox 1116 990 1145 1044; x_wconf 91' lang='lat' dir='ltr'><strong><em>et</em></strong></span> <span class='ocrx_word' id='word_1_55' title='bbox 1165 1003 1249 1045; x_wconf 87' lang='lat' dir='ltr'><strong><em>mor-</em></strong></span> 
     </span>
     <span class='ocr_line' id='line_1_8' title="bbox 127 1059 1251 1140; baseline 0.003 -16"><span class='ocrx_word' id='word_1_56' title='bbox 127 1070 206 1124; x_wconf 92' lang='lat' dir='ltr'><strong><em>tuus</em></strong></span> <span class='ocrx_word' id='word_1_57' title='bbox 232 1069 277 1123; x_wconf 90' lang='lat' dir='ltr'><strong><em>est</em></strong></span> <span class='ocrx_word' id='word_1_58' title='bbox 300 1083 331 1123; x_wconf 92' lang='lat' dir='ltr'><strong><em>a.</em></strong></span> <span class='ocrx_word' id='word_1_59' title='bbox 354 1059 446 1140; x_wconf 84' lang='lat'>1083,</span> <span class='ocrx_word' id='word_1_60' title='bbox 472 1070 539 1125; x_wconf 88' lang='lat' dir='ltr'><strong><em>tum</em></strong></span> <span class='ocrx_word' id='word_1_61' title='bbox 561 1083 601 1126; x_wconf 83' lang='lat' dir='ltr'><strong><em>eoo</em></strong></span> <span class='ocrx_word' id='word_1_62' title='bbox 624 1061 806 1126; x_wconf 88' lang='lat' dir='ltr'><strong><em>annalibus</em></strong></span> <span class='ocrx_word' id='word_1_63' title='bbox 827 1067 1018 1128; x_wconf 89' lang='lat' dir='ltr'><strong><em>monasterii</em></strong></span> <span class='ocrx_word' id='word_1_64' title='bbox 1038 1063 1073 1130; x_wconf 92' lang='lat' dir='ltr'><strong><em>S.</em></strong></span> <span class='ocrx_word' id='word_1_65' title='bbox 1095 1065 1251 1129; x_wconf 86' lang='lat' dir='ltr'><strong><em>Disibodi</em></strong></span> 
     </span>
     <span class='ocr_line' id='line_1_9' title="bbox 123 1143 1251 1232; baseline 0.004 -24"><span class='ocrx_word' id='word_1_66' title='bbox 123 1167 235 1229; x_wconf 87' lang='lat' dir='ltr'><strong><em>prope</em></strong></span> <span class='ocrx_word' id='word_1_67' title='bbox 249 1145 443 1209; x_wconf 83' lang='lat' dir='ltr'><strong><em>Kreuenach</em></strong></span> <span class='ocrx_word' id='word_1_68' title='bbox 458 1147 524 1227; x_wconf 87' lang='lat' dir='ltr'><strong><em>siti,</em></strong></span> <span class='ocrx_word' id='word_1_69' title='bbox 547 1143 686 1229; x_wconf 83' lang='lat' dir='ltr'><strong><em>aliisque</em></strong></span> <span class='ocrx_word' id='word_1_70' title='bbox 701 1146 826 1231; x_wconf 82' lang='lat' dir='ltr'><strong><em>aliquot</em></strong></span> <span class='ocrx_word' id='word_1_71' title='bbox 840 1169 881 1210; x_wconf 75' lang='lat' dir='ltr'><strong><em>ecc</em></strong></span> <span class='ocrx_word' id='word_1_72' title='bbox 891 1147 1046 1232; x_wconf 89' lang='lat' dir='ltr'><strong><em>fontibus</em></strong></span> <span class='ocrx_word' id='word_1_73' title='bbox 1059 1171 1126 1213; x_wconf 91' lang='lat' dir='ltr'><strong><em>non</em></strong></span> <span class='ocrx_word' id='word_1_74' title='bbox 1142 1151 1251 1214; x_wconf 86' lang='lat' dir='ltr'><strong><em>minus</em></strong></span> 
     </span>
     <span class='ocr_line' id='line_1_10' title="bbox 123 1229 1251 1318; baseline 0.004 -26"><span class='ocrx_word' id='word_1_75' title='bbox 123 1229 330 1315; x_wconf 77' lang='lat' dir='ltr'><strong><em>propinquis</em></strong></span> <span class='ocrx_word' id='word_1_76' title='bbox 357 1239 510 1314; x_wconf 83' lang='lat' dir='ltr'><strong><em>encerpta</em></strong></span> <span class='ocrx_word' id='word_1_77' title='bbox 535 1252 601 1294; x_wconf 89' lang='lat' dir='ltr'><strong><em>esse</em></strong></span> <span class='ocrx_word' id='word_1_78' title='bbox 632 1231 795 1295; x_wconf 87' lang='lat' dir='ltr'><strong><em>uidentur.</em></strong></span> <span class='ocrx_word' id='word_1_79' title='bbox 845 1231 1025 1318; x_wconf 74' lang='lat' dir='ltr'><strong><em>Dipniores</em></strong></span> <span class='ocrx_word' id='word_1_80' title='bbox 1059 1242 1164 1298; x_wconf 88' lang='lat' dir='ltr'><strong><em>autem</em></strong></span> <span class='ocrx_word' id='word_1_81' title='bbox 1193 1235 1251 1318; x_wconf 78' lang='lat' dir='ltr'><strong><em>qui</em></strong></span> 
     </span>
     <span class='ocr_line' id='line_1_11' title="bbox 25 1313 1249 1402; baseline 0.004 -25"><span class='ocrx_word' id='word_1_82' title='bbox 25 1328 41 1339; x_wconf 84' lang='grc'><strong><em>’·</em></strong></span> <span class='ocrx_word' id='word_1_83' title='bbox 128 1322 347 1377; x_wconf 75' lang='lat' dir='ltr'><strong><em>memorentur</em></strong></span> <span class='ocrx_word' id='word_1_84' title='bbox 372 1336 470 1398; x_wconf 81' lang='lat' dir='ltr'><strong><em>quam</em></strong></span> <span class='ocrx_word' id='word_1_85' title='bbox 497 1314 575 1378; x_wconf 89' lang='lat' dir='ltr'><strong><em>hace</em></strong></span> <span class='ocrx_word' id='word_1_86' title='bbox 604 1316 715 1378; x_wconf 92' lang='lat' dir='ltr'><strong><em>omnia</em></strong></span> <span class='ocrx_word' id='word_1_87' title='bbox 736 1313 800 1379; x_wconf 91' lang='lat' dir='ltr'><strong><em>loci</em></strong></span> <span class='ocrx_word' id='word_1_88' title='bbox 820 1317 973 1380; x_wconf 89' lang='lat' dir='ltr'><strong><em>nonnulli</em></strong></span> <span class='ocrx_word' id='word_1_89' title='bbox 993 1326 1069 1380; x_wconf 91' lang='lat' dir='ltr'><strong><em>sunt</em></strong></span> <span class='ocrx_word' id='word_1_90' title='bbox 1090 1319 1129 1382; x_wconf 90' lang='lat' dir='ltr'><strong><em>de</em></strong></span> <span class='ocrx_word' id='word_1_91' title='bbox 1150 1319 1249 1402; x_wconf 92' lang='lat' dir='ltr'><strong><em>impe·</em></strong></span> 
     </span>
     <span class='ocr_line' id='line_1_12' title="bbox 128 1397 1252 1486; baseline 0.005 -26"><span class='ocrx_word' id='word_1_92' title='bbox 128 1407 241 1460; x_wconf 90' lang='lat' dir='ltr'><strong><em>rotare</em></strong></span> <span class='ocrx_word' id='word_1_93' title='bbox 264 1397 423 1462; x_wconf 91' lang='lat' dir='ltr'><strong><em>Heinrico</em></strong></span> <span class='ocrx_word' id='word_1_94' title='bbox 447 1397 513 1462; x_wconf 89' lang='lat' dir='ltr'><strong>VII.</strong></span> <span class='ocrx_word' id='word_1_95' title='bbox 543 1421 664 1462; x_wconf 89' lang='lat' dir='ltr'><strong><em>ueneno</em></strong></span> <span class='ocrx_word' id='word_1_96' title='bbox 693 1400 882 1485; x_wconf 88' lang='lat' dir='ltr'><strong><em>interempto</em></strong></span> <span class='ocrx_word' id='word_1_97' title='bbox 916 1411 1046 1486; x_wconf 79' lang='lat' dir='ltr'><strong><em>epentes</em></strong></span> <span class='ocrx_word' id='word_1_98' title='bbox 1078 1404 1118 1465; x_wconf 75' lang='lat' dir='ltr'><strong><em>e&#39;n</em></strong></span> <span class='ocrx_word' id='word_1_99' title='bbox 1145 1400 1252 1466; x_wconf 77' lang='lat' dir='ltr'><strong><em>Gestis</em></strong></span> 
     </span>
     <span class='ocr_line' id='line_1_13' title="bbox 129 1481 1252 1571; baseline 0.005 -27"><span class='ocrx_word' id='word_1_100' title='bbox 129 1481 287 1546; x_wconf 86' lang='lat' dir='ltr'><strong><em>Heinrici</em></strong></span> <span class='ocrx_word' id='word_1_101' title='bbox 309 1481 377 1545; x_wconf 85' lang='lat' dir='ltr'><strong><em>VII.</em></strong></span> <span class='ocrx_word' id='word_1_102' title='bbox 399 1485 554 1566; x_wconf 83' lang='lat' dir='ltr'><strong><em>eucerpti,</em></strong></span> <span class='ocrx_word' id='word_1_103' title='bbox 577 1505 669 1568; x_wconf 83' lang='lat' dir='ltr'><strong><em>quem</em></strong></span> <span class='ocrx_word' id='word_1_104' title='bbox 690 1483 809 1547; x_wconf 92' lang='lat' dir='ltr'><strong><em>librum</em></strong></span> <span class='ocrx_word' id='word_1_105' title='bbox 832 1508 854 1547; x_wconf 92' lang='lat' dir='ltr'><strong><em>a</em></strong></span> <span class='ocrx_word' id='word_1_106' title='bbox 874 1485 992 1549; x_wconf 89' lang='lat' dir='ltr'><strong><em>Iacobo</em></strong></span> <span class='ocrx_word' id='word_1_107' title='bbox 1014 1486 1053 1549; x_wconf 78' lang='lat' dir='ltr'><strong><em>sle</em></strong></span> <span class='ocrx_word' id='word_1_108' title='bbox 1075 1487 1252 1571; x_wconf 75' lang='lat' dir='ltr'><strong><em>Mopuntia</em></strong></span> 
     </span>
     <span class='ocr_line' id='line_1_14' title="bbox 130 1567 1252 1650; baseline 0.004 -22"><span class='ocrx_word' id='word_1_109' title='bbox 130 1567 294 1650; x_wconf 91' lang='lat' dir='ltr'><strong><em>scriptum</em></strong></span> <span class='ocrx_word' id='word_1_110' title='bbox 315 1589 380 1630; x_wconf 91' lang='lat' dir='ltr'><strong><em>esse</em></strong></span> <span class='ocrx_word' id='word_1_111' title='bbox 402 1567 673 1631; x_wconf 84' lang='lat' dir='ltr'><strong><em>verisimillimum</em></strong></span> <span class='ocrx_word' id='word_1_112' title='bbox 689 1578 743 1631; x_wconf 90' lang='lat' dir='ltr'><strong><em>est.</em></strong></span> <span class='ocrx_word' id='word_1_113' title='bbox 776 1567 882 1632; x_wconf 86' lang='lat' dir='ltr'><strong><em>Notus</em></strong></span> <span class='ocrx_word' id='word_1_114' title='bbox 905 1579 1010 1634; x_wconf 91' lang='lat' dir='ltr'><strong><em>autem</em></strong></span> <span class='ocrx_word' id='word_1_115' title='bbox 1033 1579 1078 1634; x_wconf 91' lang='lat' dir='ltr'><strong><em>est</em></strong></span> <span class='ocrx_word' id='word_1_116' title='bbox 1105 1570 1252 1634; x_wconf 83' lang='lat' dir='ltr'><strong><em>omuibus</em></strong></span> 
     </span>
     <span class='ocr_line' id='line_1_15' title="bbox 130 1650 1253 1736; baseline 0.004 -23"><span class='ocrx_word' id='word_1_117' title='bbox 130 1651 184 1714; x_wconf 88' lang='lat' dir='ltr'><strong><em>hic</em></strong></span> <span class='ocrx_word' id='word_1_118' title='bbox 209 1650 383 1714; x_wconf 90' lang='lat' dir='ltr'><strong><em>annalium</em></strong></span> <span class='ocrx_word' id='word_1_119' title='bbox 405 1653 608 1735; x_wconf 74' lang='lat' dir='ltr'><strong><em>conscriptor</em></strong></span> <span class='ocrx_word' id='word_1_120' title='bbox 629 1653 817 1736; x_wconf 90' lang='lat' dir='ltr'><strong><em>nuperrime</em></strong></span> <span class='ocrx_word' id='word_1_121' title='bbox 838 1653 1076 1718; x_wconf 57' lang='lat' dir='ltr'><strong><em>celebratus&#39;en</em></strong></span> <span class='ocrx_word' id='word_1_122' title='bbox 1091 1653 1253 1718; x_wconf 82' lang='lat' dir='ltr'><strong><em>Nmocleri</em></strong></span> 
     </span>
     <span class='ocr_line' id='line_1_16' title="bbox 130 1734 785 1819; baseline 0.005 -21"><span class='ocrx_word' id='word_1_123' title='bbox 130 1734 334 1798; x_wconf 87' lang='lat' dir='ltr'><strong><em>universalis</em></strong></span> <span class='ocrx_word' id='word_1_124' title='bbox 356 1737 513 1799; x_wconf 88' lang='lat' dir='ltr'><strong><em>historiae</em></strong></span> <span class='ocrx_word' id='word_1_125' title='bbox 535 1737 785 1819; x_wconf 82' lang='lat' dir='ltr'><strong><em>descriptione1.</em></strong></span> 
     </span>
     <span class='ocr_line' id='line_1_17' title="bbox 218 1816 1252 1906; baseline 0.004 -24"><span class='ocrx_word' id='word_1_126' title='bbox 218 1816 344 1892; x_wconf 81' lang='lat' dir='ltr'><strong><em>Quibus</em></strong></span> <span class='ocrx_word' id='word_1_127' title='bbox 373 1823 411 1884; x_wconf 89' lang='lat' dir='ltr'><strong><em>in</em></strong></span> <span class='ocrx_word' id='word_1_128' title='bbox 440 1821 615 1903; x_wconf 73' lang='lat' dir='ltr'><strong><em>coemptis,</em></strong></span> <span class='ocrx_word' id='word_1_129' title='bbox 649 1843 734 1905; x_wconf 77' lang='lat' dir='ltr'><strong><em>quac</em></strong></span> <span class='ocrx_word' id='word_1_130' title='bbox 758 1822 948 1904; x_wconf 88' lang='lat' dir='ltr'><strong><em>praemissa</em></strong></span> <span class='ocrx_word' id='word_1_131' title='bbox 981 1831 1058 1884; x_wconf 89' lang='lat' dir='ltr'><strong><em>sunt</em></strong></span> <span class='ocrx_word' id='word_1_132' title='bbox 1086 1823 1133 1886; x_wconf 84' lang='lat' dir='ltr'><strong><em>eis</em></strong></span> <span class='ocrx_word' id='word_1_133' title='bbox 1168 1843 1252 1906; x_wconf 84' lang='lat' dir='ltr'><strong><em>quae</em></strong></span> 
     </span>
     <span class='ocr_line' id='line_1_18' title="bbox 131 1903 1251 1988; baseline 0.001 -21"><span class='ocrx_word' id='word_1_134' title='bbox 131 1903 304 1967; x_wconf 84' lang='lat' dir='ltr'><strong><em>chronista</em></strong></span> <span class='ocrx_word' id='word_1_135' title='bbox 332 1904 371 1967; x_wconf 88' lang='lat' dir='ltr'><strong><em>de</em></strong></span> <span class='ocrx_word' id='word_1_136' title='bbox 400 1927 459 1968; x_wconf 91' lang='lat' dir='ltr'><strong><em>suo</em></strong></span> <span class='ocrx_word' id='word_1_137' title='bbox 486 1913 625 1988; x_wconf 89' lang='lat' dir='ltr'><strong><em>tempore</em></strong></span> <span class='ocrx_word' id='word_1_138' title='bbox 651 1905 765 1984; x_wconf 81' lang='lat' dir='ltr'><strong><em>tradit,</em></strong></span> <span class='ocrx_word' id='word_1_139' title='bbox 793 1927 851 1968; x_wconf 91' lang='lat' dir='ltr'><strong><em>nec</em></strong></span> <span class='ocrx_word' id='word_1_140' title='bbox 879 1913 1057 1988; x_wconf 88' lang='lat' dir='ltr'><strong><em>temporum</em></strong></span> <span class='ocrx_word' id='word_1_141' title='bbox 1080 1907 1160 1971; x_wconf 92' lang='lat' dir='ltr'><strong><em>ordo</em></strong></span> <span class='ocrx_word' id='word_1_142' title='bbox 1186 1929 1251 1970; x_wconf 92' lang='lat' dir='ltr'><strong><em>ser-</em></strong></span> 
     </span>
     <span class='ocr_line' id='line_1_19' title="bbox 129 1987 1253 2072; baseline 0.004 -22"><span class='ocrx_word' id='word_1_143' title='bbox 129 1996 299 2068; x_wconf 80' lang='lat' dir='ltr'><strong><em>natusest,</em></strong></span> <span class='ocrx_word' id='word_1_144' title='bbox 322 1987 566 2054; x_wconf 88' lang='lat' dir='ltr'><strong><em>necconsilium</em></strong></span> <span class='ocrx_word' id='word_1_145' title='bbox 583 1989 733 2072; x_wconf 88' lang='lat' dir='ltr'><strong><em>perspici</em></strong></span> <span class='ocrx_word' id='word_1_146' title='bbox 779 1997 865 2054; x_wconf 87' lang='lat' dir='ltr'><strong><em>otest.</em></strong></span> <span class='ocrx_word' id='word_1_147' title='bbox 900 1991 980 2056; x_wconf 86' lang='lat' dir='ltr'><strong><em>Tum</em></strong></span> <span class='ocrx_word' id='word_1_148' title='bbox 995 1990 1122 2054; x_wconf 89' lang='lat' dir='ltr'><strong><em>demum</em></strong></span> <span class='ocrx_word' id='word_1_149' title='bbox 1138 2000 1253 2055; x_wconf 88' lang='lat' dir='ltr'><strong><em>auctor</em></strong></span> 
     </span>
     <span class='ocr_line' id='line_1_20' title="bbox 129 2011 1253 2160; baseline 0.003 -24"><span class='ocrx_word' id='word_1_150' title='bbox 129 2073 366 2156; x_wconf 84' lang='lat' dir='ltr'><strong><em>inscriptione:</em></strong></span> <span class='ocrx_word' id='word_1_151' title='bbox 398 2073 516 2158; x_wconf 85' lang='lat' dir='ltr'><strong><em>Incipit</em></strong></span> <span class='ocrx_word' id='word_1_152' title='bbox 542 2071 626 2136; x_wconf 82' lang='lat' dir='ltr'><strong><em>liber</em></strong></span> <span class='ocrx_word' id='word_1_153' title='bbox 652 2011 838 2157; x_wconf 60' lang='lat' dir='ltr'><strong><em>cathaligus</em></strong></span> <span class='ocrx_word' id='word_1_154' title='bbox 866 2072 956 2138; x_wconf 87' lang='lat' dir='ltr'><strong><em>breui</em></strong></span> <span class='ocrx_word' id='word_1_155' title='bbox 980 2074 1193 2160; x_wconf 84' lang='lat' dir='ltr'><strong><em>praefatione</em></strong></span> <span class='ocrx_word' id='word_1_156' title='bbox 1220 2098 1253 2140; x_wconf 90' lang='lat' dir='ltr'><strong><em>se</em></strong></span> 
     </span>
     <span class='ocr_line' id='line_1_21' title="bbox 132 2156 1251 2243; baseline 0.004 -23"><span class='ocrx_word' id='word_1_157' title='bbox 132 2157 171 2220; x_wconf 90' lang='lat' dir='ltr'><strong><em>in</em></strong></span> <span class='ocrx_word' id='word_1_158' title='bbox 194 2157 255 2220; x_wconf 94' lang='lat' dir='ltr'><strong><em>hoc</em></strong></span> <span class='ocrx_word' id='word_1_159' title='bbox 270 2156 352 2220; x_wconf 92' lang='lat' dir='ltr'><strong><em>libro</em></strong></span> <span class='ocrx_word' id='word_1_160' title='bbox 375 2161 486 2222; x_wconf 89' lang='lat' dir='ltr'><strong><em>omnia</em></strong></span> <span class='ocrx_word' id='word_1_161' title='bbox 506 2157 708 2221; x_wconf 89' lang='lat' dir='ltr'><strong><em>traditurum</em></strong></span> <span class='ocrx_word' id='word_1_162' title='bbox 724 2157 813 2237; x_wconf 86' lang='lat' dir='ltr'><strong><em>dicit,</em></strong></span> <span class='ocrx_word' id='word_1_163' title='bbox 836 2180 919 2243; x_wconf 83' lang='lat' dir='ltr'><strong><em>quae</em></strong></span> <span class='ocrx_word' id='word_1_164' title='bbox 940 2158 979 2222; x_wconf 93' lang='lat' dir='ltr'><strong><em>ab</em></strong></span> <span class='ocrx_word' id='word_1_165' title='bbox 1003 2182 1034 2223; x_wconf 89' lang='lat' dir='ltr'><strong><em>a.</em></strong></span> <span class='ocrx_word' id='word_1_166' title='bbox 1053 2159 1143 2224; x_wconf 85' lang='lat'>1346.</span> <span class='ocrx_word' id='word_1_167' title='bbox 1167 2161 1251 2224; x_wconf 88' lang='lat' dir='ltr'><strong><em>acei-</em></strong></span> 
     </span>
     <span class='ocr_line' id='line_1_22' title="bbox 132 2241 1253 2328; baseline 0.001 -23"><span class='ocrx_word' id='word_1_168' title='bbox 132 2241 258 2320; x_wconf 88' lang='lat' dir='ltr'><strong><em>derint,</em></strong></span> <span class='ocrx_word' id='word_1_169' title='bbox 287 2241 406 2305; x_wconf 88' lang='lat' dir='ltr'><strong><em>deinde</em></strong></span> <span class='ocrx_word' id='word_1_170' title='bbox 434 2241 547 2306; x_wconf 91' lang='lat' dir='ltr'><strong><em>ordine</em></strong></span> <span class='ocrx_word' id='word_1_171' title='bbox 573 2251 753 2324; x_wconf 90' lang='lat' dir='ltr'><strong><em>temporum</em></strong></span> <span class='ocrx_word' id='word_1_172' title='bbox 777 2243 894 2306; x_wconf 90' lang='lat' dir='ltr'><strong><em>iterum</em></strong></span> <span class='ocrx_word' id='word_1_173' title='bbox 922 2243 1065 2328; x_wconf 78' lang='lat' dir='ltr'><strong><em>ueplecto</em></strong></span> <span class='ocrx_word' id='word_1_174' title='bbox 1090 2243 1253 2308; x_wconf 90' lang='lat' dir='ltr'><strong><em>nonnulla</em></strong></span> 
     </span>
     <span class='ocr_line' id='line_1_23' title="bbox 133 2325 1253 2411; baseline 0.001 -21"><span class='ocrx_word' id='word_1_175' title='bbox 133 2348 166 2390; x_wconf 87' lang='lat' dir='ltr'><strong><em>a.</em></strong></span> <span class='ocrx_word' id='word_1_176' title='bbox 181 2325 400 2390; x_wconf 79' lang='lat'>1349-1354.</span> <span class='ocrx_word' id='word_1_177' title='bbox 416 2336 508 2411; x_wconf 70' lang='lat' dir='ltr'><strong><em>qesta</em></strong></span> <span class='ocrx_word' id='word_1_178' title='bbox 519 2327 632 2406; x_wconf 89' lang='lat' dir='ltr'><strong><em>tradit,</em></strong></span> <span class='ocrx_word' id='word_1_179' title='bbox 648 2335 715 2390; x_wconf 90' lang='lat' dir='ltr'><strong><em>tum</em></strong></span> <span class='ocrx_word' id='word_1_180' title='bbox 728 2328 849 2406; x_wconf 84' lang='lat' dir='ltr'><strong><em>omnio,</em></strong></span> <span class='ocrx_word' id='word_1_181' title='bbox 864 2349 948 2411; x_wconf 80' lang='lat' dir='ltr'><strong><em>quae</em></strong></span> <span class='ocrx_word' id='word_1_182' title='bbox 959 2329 1082 2406; x_wconf 79' lang='lat' dir='ltr'><strong><em>tradat,</em></strong></span> <span class='ocrx_word' id='word_1_183' title='bbox 1096 2349 1176 2392; x_wconf 89' lang='lat' dir='ltr'><strong><em>oera</em></strong></span> <span class='ocrx_word' id='word_1_184' title='bbox 1187 2349 1253 2392; x_wconf 89' lang='lat' dir='ltr'><strong><em>esse</em></strong></span> 
     </span>
     <span class='ocr_line' id='line_1_24' title="bbox 133 2411 1329 2496; baseline 0.003 -23"><span class='ocrx_word' id='word_1_185' title='bbox 133 2419 232 2496; x_wconf 81' lang='lat' dir='ltr'><strong><em>atque</em></strong></span> <span class='ocrx_word' id='word_1_186' title='bbox 253 2420 341 2474; x_wconf 88' lang='lat' dir='ltr'><strong><em>certa</em></strong></span> <span class='ocrx_word' id='word_1_187' title='bbox 363 2411 561 2490; x_wconf 76' lang='lat' dir='ltr'><strong><em>confirmans</em></strong></span> <span class='ocrx_word' id='word_1_188' title='bbox 584 2411 687 2494; x_wconf 85' lang='lat' dir='ltr'><strong><em>(certa</em></strong></span> <span class='ocrx_word' id='word_1_189' title='bbox 715 2420 747 2474; x_wconf 87' lang='lat' dir='ltr'><strong><em>et</em></strong></span> <span class='ocrx_word' id='word_1_190' title='bbox 768 2431 844 2474; x_wconf 83' lang='lat' dir='ltr'><strong><em>vcra</em></strong></span> <span class='ocrx_word' id='word_1_191' title='bbox 866 2411 1116 2496; x_wconf 84' lang='lat' dir='ltr'><strong><em>comprobantur</em></strong></span> <span class='ocrx_word' id='word_1_192' title='bbox 1134 2411 1167 2494; x_wconf 89' lang='lat' dir='ltr'><strong><em>f.</em></strong></span> <span class='ocrx_word' id='word_1_193' title='bbox 1187 2411 1251 2494; x_wconf 79' lang='lat'><strong><em>95¹)</em></strong></span> <span class='ocrx_word' id='word_1_194' title='bbox 1324 2435 1329 2441; x_wconf 80' lang='grc'><strong><em>’</em></strong></span> 
     </span>
     <span class='ocr_line' id='line_1_25' title="bbox 132 2494 1253 2575; baseline 0 -19"><span class='ocrx_word' id='word_1_195' title='bbox 132 2517 254 2559; x_wconf 91' lang='lat' dir='ltr'><strong><em>rursus</em></strong></span> <span class='ocrx_word' id='word_1_196' title='bbox 277 2494 323 2557; x_wconf 88' lang='lat' dir='ltr'><strong><em>ad</em></strong></span> <span class='ocrx_word' id='word_1_197' title='bbox 345 2517 376 2558; x_wconf 92' lang='lat' dir='ltr'><strong><em>a.</em></strong></span> <span class='ocrx_word' id='word_1_198' title='bbox 394 2494 484 2559; x_wconf 79' lang='lat'>1347.</span> <span class='ocrx_word' id='word_1_199' title='bbox 507 2496 690 2575; x_wconf 85' lang='lat' dir='ltr'><strong><em>revertitur,</em></strong></span> <span class='ocrx_word' id='word_1_200' title='bbox 719 2505 748 2558; x_wconf 94' lang='lat' dir='ltr'><strong><em>et</em></strong></span> <span class='ocrx_word' id='word_1_201' title='bbox 770 2497 878 2560; x_wconf 91' lang='lat' dir='ltr'><strong><em>statim</em></strong></span> <span class='ocrx_word' id='word_1_202' title='bbox 901 2495 947 2559; x_wconf 92' lang='lat' dir='ltr'><strong><em>ad</em></strong></span> <span class='ocrx_word' id='word_1_203' title='bbox 969 2519 999 2559; x_wconf 93' lang='lat' dir='ltr'><strong><em>a.</em></strong></span> <span class='ocrx_word' id='word_1_204' title='bbox 1018 2495 1110 2560; x_wconf 72' lang='lat'><strong>1356.</strong></span> <span class='ocrx_word' id='word_1_205' title='bbox 1131 2499 1253 2562; x_wconf 85' lang='lat' dir='ltr'><strong><em>transit</em></strong></span> 
     </span>
    </p>
   </div>
   <div class='ocr_carea' id='block_1_3' title="bbox 136 2665 1252 2737">
    <p class='ocr_par' dir='ltr' id='par_1_3' title="bbox 136 2665 1252 2737">
     <span class='ocr_line' id='line_1_26' title="bbox 136 2665 1252 2737; baseline 0.002 -19"><span class='ocrx_word' id='word_1_206' title='bbox 136 2669 165 2734; x_wconf 91' lang='lat'><strong><em>1)</em></strong></span> <span class='ocrx_word' id='word_1_207' title='bbox 184 2668 364 2720; x_wconf 81' lang='lat' dir='ltr'><strong><em>Emendatam</em></strong></span> <span class='ocrx_word' id='word_1_208' title='bbox 379 2667 518 2718; x_wconf 73' lang='lat' dir='ltr'><strong><em>Gestorum</em></strong></span> <span class='ocrx_word' id='word_1_209' title='bbox 535 2665 659 2720; x_wconf 83' lang='lat' dir='ltr'><strong><em>Heinrici</em></strong></span> <span class='ocrx_word' id='word_1_210' title='bbox 674 2667 737 2720; x_wconf 87' lang='lat' dir='ltr'><strong>VII.</strong></span> <span class='ocrx_word' id='word_1_211' title='bbox 758 2666 896 2720; x_wconf 81' lang='lat' dir='ltr'><strong><em>editionem</em></strong></span> <span class='ocrx_word' id='word_1_212' title='bbox 912 2669 993 2719; x_wconf 81' lang='lat' dir='ltr'><strong><em>Waitn</em></strong></span> <span class='ocrx_word' id='word_1_213' title='bbox 1012 2669 1042 2720; x_wconf 88' lang='lat' dir='ltr'><strong><em>in</em></strong></span> <span class='ocrx_word' id='word_1_214' title='bbox 1055 2669 1252 2737; x_wconf 72' lang='lat' dir='ltr'><strong><em>‘Forschunqen</em></strong></span> 
     </span>
    </p>
   </div>
   <div class='ocr_carea' id='block_1_4' title="bbox 53 2739 1252 2806">
    <p class='ocr_par' dir='ltr' id='par_1_4' title="bbox 53 2739 1252 2806">
     <span class='ocr_line' id='line_1_27' title="bbox 53 2739 1252 2806; baseline 0.002 -14"><span class='ocrx_word' id='word_1_215' title='bbox 53 2742 57 2752; x_wconf 93' lang='lat'>&#39;</span> <span class='ocrx_word' id='word_1_216' title='bbox 135 2759 185 2793; x_wconf 80' lang='lat' dir='ltr'><strong><em>nur</em></strong></span> <span class='ocrx_word' id='word_1_217' title='bbox 204 2742 241 2794; x_wconf 88' lang='lat' dir='ltr'><strong><em>D.</em></strong></span> <span class='ocrx_word' id='word_1_218' title='bbox 262 2739 420 2792; x_wconf 73' lang='lat' dir='ltr'><strong><em>Geschichte’</em></strong></span> <span class='ocrx_word' id='word_1_219' title='bbox 439 2739 501 2806; x_wconf 88' lang='lat' dir='ltr'><strong><em>XV,</em></strong></span> <span class='ocrx_word' id='word_1_220' title='bbox 515 2757 546 2804; x_wconf 85' lang='lat' dir='ltr'><strong><em>p.</em></strong></span> <span class='ocrx_word' id='word_1_221' title='bbox 561 2739 726 2791; x_wconf 81' lang='lat'><strong>582-591.</strong></span> <span class='ocrx_word' id='word_1_222' title='bbox 747 2742 860 2793; x_wconf 86' lang='lat' dir='ltr'><strong><em>curauit.</em></strong></span> <span class='ocrx_word' id='word_1_223' title='bbox 899 2741 973 2803; x_wconf 82' lang='lat' dir='ltr'><strong><em>Quae</em></strong></span> <span class='ocrx_word' id='word_1_224' title='bbox 993 2743 1073 2794; x_wconf 87' lang='lat' dir='ltr'><strong><em>simul</em></strong></span> <span class='ocrx_word' id='word_1_225' title='bbox 1090 2759 1148 2794; x_wconf 89' lang='lat' dir='ltr'><strong><em>cum</em></strong></span> <span class='ocrx_word' id='word_1_226' title='bbox 1168 2742 1252 2794; x_wconf 77' lang='lat' dir='ltr'><strong><em>Gestis</em></strong></span> 
     </span>
    </p>
   </div>
   <div class='ocr_carea' id='block_1_5' title="bbox 133 2813 1256 4419">
    <p class='ocr_par' dir='ltr' id='par_1_5' title="bbox 133 2813 1256 4419">
     <span class='ocr_line' id='line_1_28' title="bbox 133 2813 1252 2882; baseline 0.001 -15"><span class='ocrx_word' id='word_1_227' title='bbox 133 2814 252 2882; x_wconf 74' lang='lat' dir='ltr'><strong><em>liudolfi,</em></strong></span> <span class='ocrx_word' id='word_1_228' title='bbox 266 2813 364 2881; x_wconf 74' lang='lat' dir='ltr'><strong><em>&#39;Adolfi</em></strong></span> <span class='ocrx_word' id='word_1_229' title='bbox 390 2822 414 2864; x_wconf 92' lang='lat' dir='ltr'><strong><em>et</em></strong></span> <span class='ocrx_word' id='word_1_230' title='bbox 432 2813 542 2877; x_wconf 80' lang='lat' dir='ltr'><strong><em>Alberti,</em></strong></span> <span class='ocrx_word' id='word_1_231' title='bbox 568 2821 596 2864; x_wconf 91' lang='lat' dir='ltr'><strong><em>ut</em></strong></span> <span class='ocrx_word' id='word_1_232' title='bbox 622 2832 654 2867; x_wconf 83' lang='lat' dir='ltr'><strong><em>eu</em></strong></span> <span class='ocrx_word' id='word_1_233' title='bbox 679 2813 765 2867; x_wconf 82' lang='lat' dir='ltr'><strong><em>uerbis</em></strong></span> <span class='ocrx_word' id='word_1_234' title='bbox 791 2815 912 2866; x_wconf 81' lang='lat' dir='ltr'><strong><em>eutr-emis</em></strong></span> <span class='ocrx_word' id='word_1_235' title='bbox 934 2822 1054 2882; x_wconf 85' lang='lat' dir='ltr'><strong><em>apparet,</em></strong></span> <span class='ocrx_word' id='word_1_236' title='bbox 1080 2834 1151 2867; x_wconf 90' lang='lat' dir='ltr'><strong><em>anno</em></strong></span> <span class='ocrx_word' id='word_1_237' title='bbox 1172 2817 1252 2868; x_wconf 80' lang='lat'><strong>1316.</strong></span> 
     </span>
     <span class='ocr_line' id='line_1_29' title="bbox 136 2885 1253 2957; baseline 0 -17"><span class='ocrx_word' id='word_1_238' title='bbox 136 2889 211 2941; x_wconf 85' lang='lat' dir='ltr'><strong><em>breui</em></strong></span> <span class='ocrx_word' id='word_1_239' title='bbox 236 2895 349 2954; x_wconf 85' lang='lat' dir='ltr'><strong><em>tempore</em></strong></span> <span class='ocrx_word' id='word_1_240' title='bbox 374 2887 388 2952; x_wconf 94' lang='lat'><em>(</em></span> <span class='ocrx_word' id='word_1_241' title='bbox 392 2887 438 2938; x_wconf 88' lang='lat' dir='ltr'><strong><em>VI.</em></strong></span> <span class='ocrx_word' id='word_1_242' title='bbox 462 2886 519 2938; x_wconf 82' lang='lat' dir='ltr'><strong><em>oct.</em></strong></span> <span class='ocrx_word' id='word_1_243' title='bbox 542 2885 596 2939; x_wconf 91' lang='lat' dir='ltr'><strong><em>Oct.</em></strong></span> <span class='ocrx_word' id='word_1_244' title='bbox 623 2917 656 2925; x_wconf 97' lang='lat'>—</span> <span class='ocrx_word' id='word_1_245' title='bbox 680 2887 741 2940; x_wconf 88' lang='lat' dir='ltr'><strong><em>XV.</em></strong></span> <span class='ocrx_word' id='word_1_246' title='bbox 767 2887 822 2940; x_wconf 79' lang='lat' dir='ltr'><strong><em>Oai.</em></strong></span> <span class='ocrx_word' id='word_1_247' title='bbox 849 2889 931 2954; x_wconf 85' lang='lat' dir='ltr'><strong><em>Nou.)</em></strong></span> <span class='ocrx_word' id='word_1_248' title='bbox 958 2889 991 2938; x_wconf 85' lang='lat' dir='ltr'><strong><em>ab</em></strong></span> <span class='ocrx_word' id='word_1_249' title='bbox 1015 2889 1111 2940; x_wconf 92' lang='lat' dir='ltr'><strong><em>Iacobo</em></strong></span> <span class='ocrx_word' id='word_1_250' title='bbox 1137 2889 1253 2957; x_wconf 83' lang='lat' dir='ltr'><strong><em>quodam</em></strong></span> 
     </span>
     <span class='ocr_line' id='line_1_30' title="bbox 134 2958 1252 3029; baseline 0.002 -17"><span class='ocrx_word' id='word_1_251' title='bbox 134 2960 240 3013; x_wconf 82' lang='lat' dir='ltr'><strong><em>notario</em></strong></span> <span class='ocrx_word' id='word_1_252' title='bbox 265 2959 365 3027; x_wconf 87' lang='lat' dir='ltr'><strong><em>scripta</em></strong></span> <span class='ocrx_word' id='word_1_253' title='bbox 388 2969 412 3011; x_wconf 88' lang='lat' dir='ltr'><strong><em>et</em></strong></span> <span class='ocrx_word' id='word_1_254' title='bbox 432 2958 557 3012; x_wconf 77' lang='lat' dir='ltr'><strong><em>Chronico</em></strong></span> <span class='ocrx_word' id='word_1_255' title='bbox 579 2960 691 3012; x_wconf 87' lang='lat' dir='ltr'><strong><em>Martini</em></strong></span> <span class='ocrx_word' id='word_1_256' title='bbox 713 2960 888 3027; x_wconf 88' lang='lat' dir='ltr'><strong><em>Oppaoiensis</em></strong></span> <span class='ocrx_word' id='word_1_257' title='bbox 914 2962 1008 3013; x_wconf 87' lang='lat' dir='ltr'><strong><em>addita</em></strong></span> <span class='ocrx_word' id='word_1_258' title='bbox 1030 2963 1186 3029; x_wconf 82' lang='lat' dir='ltr'><strong><em>dominaque</em></strong></span> <span class='ocrx_word' id='word_1_259' title='bbox 1205 2979 1252 3014; x_wconf 86' lang='lat' dir='ltr'><strong><em>suo</em></strong></span> 
     </span>
     <span class='ocr_line' id='line_1_31' title="bbox 141 3033 1254 3100; baseline 0.001 -16"><span class='ocrx_word' id='word_1_260' title='bbox 141 3035 262 3086; x_wconf 90' lang='lat' dir='ltr'><strong><em>Wernero</em></strong></span> <span class='ocrx_word' id='word_1_261' title='bbox 288 3035 321 3085; x_wconf 89' lang='lat' dir='ltr'><strong><em>de</em></strong></span> <span class='ocrx_word' id='word_1_262' title='bbox 346 3034 463 3096; x_wconf 76' lang='lat' dir='ltr'><strong><em>Bosana,</em></strong></span> <span class='ocrx_word' id='word_1_263' title='bbox 492 3033 538 3098; x_wconf 79' lang='lat' dir='ltr'><strong><em>qui</em></strong></span> <span class='ocrx_word' id='word_1_264' title='bbox 562 3033 673 3099; x_wconf 85' lang='lat' dir='ltr'><strong><em>capituti</em></strong></span> <span class='ocrx_word' id='word_1_265' title='bbox 696 3035 868 3100; x_wconf 87' lang='lat' dir='ltr'><strong><em>praepositus</em></strong></span> <span class='ocrx_word' id='word_1_266' title='bbox 893 3044 951 3086; x_wconf 88' lang='lat' dir='ltr'><strong><em>erat</em></strong></span> <span class='ocrx_word' id='word_1_267' title='bbox 976 3034 1003 3088; x_wconf 85' lang='lat' dir='ltr'><strong><em>S.</em></strong></span> <span class='ocrx_word' id='word_1_268' title='bbox 1029 3035 1139 3088; x_wconf 86' lang='lat' dir='ltr'><strong><em>Victoris</em></strong></span> <span class='ocrx_word' id='word_1_269' title='bbox 1164 3037 1254 3099; x_wconf 76' lang='lat' dir='ltr'><strong><em>(entra</em></strong></span> 
     </span>
     <span class='ocr_line' id='line_1_32' title="bbox 136 3105 1254 3175; baseline 0.001 -16"><span class='ocrx_word' id='word_1_270' title='bbox 136 3125 226 3160; x_wconf 86' lang='lat' dir='ltr'><strong><em>muros</em></strong></span> <span class='ocrx_word' id='word_1_271' title='bbox 251 3105 366 3159; x_wconf 85' lang='lat' dir='ltr'><strong><em>ciuitatis</em></strong></span> <span class='ocrx_word' id='word_1_272' title='bbox 390 3106 590 3173; x_wconf 62' lang='lat' dir='ltr'><strong><em>Mogontiaci),</em></strong></span> <span class='ocrx_word' id='word_1_273' title='bbox 615 3108 740 3159; x_wconf 86' lang='lat' dir='ltr'><strong><em>dedicata</em></strong></span> <span class='ocrx_word' id='word_1_274' title='bbox 763 3117 879 3158; x_wconf 80' lang='lat' dir='ltr'><strong><em>sunt-</em></strong></span> <span class='ocrx_word' id='word_1_275' title='bbox 903 3125 952 3175; x_wconf 87' lang='lat' dir='ltr'><strong><em>per</em></strong></span> <span class='ocrx_word' id='word_1_276' title='bbox 969 3110 1097 3161; x_wconf 84' lang='lat' dir='ltr'><strong><em>Iacobum</em></strong></span> <span class='ocrx_word' id='word_1_277' title='bbox 1122 3112 1254 3162; x_wconf 68' lang='lat' dir='ltr'><strong><em>notitiam</em></strong></span> 
     </span>
     <span class='ocr_line' id='line_1_33' title="bbox 137 3180 1254 3250; baseline -0.001 -17"><span class='ocrx_word' id='word_1_278' title='bbox 137 3198 224 3246; x_wconf 78' lang='lat' dir='ltr'><strong><em>suum,</em></strong></span> <span class='ocrx_word' id='word_1_279' title='bbox 244 3188 273 3232; x_wconf 91' lang='lat' dir='ltr'><strong><em>ut</em></strong></span> <span class='ocrx_word' id='word_1_280' title='bbox 292 3182 364 3232; x_wconf 86' lang='lat' dir='ltr'><strong><em>dicit.</em></strong></span> <span class='ocrx_word' id='word_1_281' title='bbox 405 3180 485 3242; x_wconf 77' lang='lat' dir='ltr'><strong><em>Quem</em></strong></span> <span class='ocrx_word' id='word_1_282' title='bbox 504 3181 615 3231; x_wconf 88' lang='lat' dir='ltr'><strong><em>eundem</em></strong></span> <span class='ocrx_word' id='word_1_283' title='bbox 632 3181 723 3246; x_wconf 89' lang='lat' dir='ltr'><strong><em>fuisse</em></strong></span> <span class='ocrx_word' id='word_1_284' title='bbox 742 3189 820 3247; x_wconf 81' lang='lat' dir='ltr'><strong><em>atque</em></strong></span> <span class='ocrx_word' id='word_1_285' title='bbox 839 3181 968 3232; x_wconf 89' lang='lat' dir='ltr'><strong><em>Iacobum</em></strong></span> <span class='ocrx_word' id='word_1_286' title='bbox 987 3183 1020 3234; x_wconf 89' lang='lat' dir='ltr'><strong><em>dc</em></strong></span> <span class='ocrx_word' id='word_1_287' title='bbox 1039 3182 1188 3250; x_wconf 76' lang='lat' dir='ltr'><strong><em>Mopuntia,</em></strong></span> <span class='ocrx_word' id='word_1_288' title='bbox 1208 3181 1254 3248; x_wconf 82' lang='lat' dir='ltr'><strong><em>qai</em></strong></span> 
     </span>
     <span class='ocr_line' id='line_1_34' title="bbox 135 3253 1253 3322; baseline 0.002 -16"><span class='ocrx_word' id='word_1_289' title='bbox 135 3255 165 3306; x_wconf 78' lang='lat' dir='ltr'><strong><em>in</em></strong></span> <span class='ocrx_word' id='word_1_290' title='bbox 184 3255 281 3308; x_wconf 87' lang='lat' dir='ltr'><strong><em>tabella</em></strong></span> <span class='ocrx_word' id='word_1_291' title='bbox 294 3253 416 3320; x_wconf 79' lang='lat' dir='ltr'><strong><em>Spirensi</em></strong></span> <span class='ocrx_word' id='word_1_292' title='bbox 435 3271 460 3303; x_wconf 91' lang='lat' dir='ltr'><strong><em>a.</em></strong></span> <span class='ocrx_word' id='word_1_293' title='bbox 476 3255 555 3308; x_wconf 82' lang='lat'><strong>1339.</strong></span> <span class='ocrx_word' id='word_1_294' title='bbox 576 3255 685 3306; x_wconf 83' lang='lat' dir='ltr'><strong><em>clericus</em></strong></span> <span class='ocrx_word' id='word_1_295' title='bbox 699 3255 832 3321; x_wconf 83' lang='lat' dir='ltr'><strong><em>Spirensis</em></strong></span> <span class='ocrx_word' id='word_1_296' title='bbox 850 3257 971 3321; x_wconf 85' lang='lat' dir='ltr'><strong><em>publicus</em></strong></span> <span class='ocrx_word' id='word_1_297' title='bbox 990 3257 1122 3322; x_wconf 86' lang='lat' dir='ltr'><strong><em>imperiali</em></strong></span> <span class='ocrx_word' id='word_1_298' title='bbox 1140 3257 1253 3308; x_wconf 85' lang='lat' dir='ltr'><strong><em>auotori-</em></strong></span> 
     </span>
     <span class='ocr_line' id='line_1_35' title="bbox 138 3327 1254 3394; baseline 0.002 -15"><span class='ocrx_word' id='word_1_299' title='bbox 138 3334 195 3382; x_wconf 83' lang='lat' dir='ltr'><strong><em>tate</em></strong></span> <span class='ocrx_word' id='word_1_300' title='bbox 216 3331 335 3380; x_wconf 80' lang='lat' dir='ltr'><strong><em>notarius</em></strong></span> <span class='ocrx_word' id='word_1_301' title='bbox 353 3327 514 3389; x_wconf 83' lang='lat' dir='ltr'><strong><em>nominatur,</em></strong></span> <span class='ocrx_word' id='word_1_302' title='bbox 532 3327 749 3378; x_wconf 85' lang='lat' dir='ltr'><strong><em>verisimillimum</em></strong></span> <span class='ocrx_word' id='word_1_303' title='bbox 768 3337 813 3392; x_wconf 91' lang='lat' dir='ltr'><strong><em>est,</em></strong></span> <span class='ocrx_word' id='word_1_304' title='bbox 832 3346 994 3394; x_wconf 80' lang='lat' dir='ltr'><strong><em>quamquam</em></strong></span> <span class='ocrx_word' id='word_1_305' title='bbox 1006 3331 1167 3381; x_wconf 70' lang='lat' dir='ltr'><strong><em>accrementis</em></strong></span> <span class='ocrx_word' id='word_1_306' title='bbox 1180 3331 1254 3381; x_wconf 86' lang='lat' dir='ltr'><strong><em>haud</em></strong></span> 
     </span>
     <span class='ocr_line' id='line_1_36' title="bbox 138 3399 1253 3468; baseline 0.002 -16"><span class='ocrx_word' id='word_1_307' title='bbox 138 3409 248 3455; x_wconf 83' lang='lat' dir='ltr'><strong><em>constat.</em></strong></span> <span class='ocrx_word' id='word_1_308' title='bbox 281 3401 389 3454; x_wconf 86' lang='lat' dir='ltr'><strong><em>Wichert</em></strong></span> <span class='ocrx_word' id='word_1_309' title='bbox 415 3402 444 3450; x_wconf 88' lang='lat' dir='ltr'><strong><em>in</em></strong></span> <span class='ocrx_word' id='word_1_310' title='bbox 470 3399 536 3452; x_wconf 90' lang='lat' dir='ltr'><strong><em>libro</em></strong></span> <span class='ocrx_word' id='word_1_311' title='bbox 559 3417 607 3452; x_wconf 86' lang='lat' dir='ltr'><strong><em>suo</em></strong></span> <span class='ocrx_word' id='word_1_312' title='bbox 637 3402 669 3453; x_wconf 85' lang='lat' dir='ltr'><strong><em>de</em></strong></span> <span class='ocrx_word' id='word_1_313' title='bbox 694 3401 792 3452; x_wconf 89' lang='lat' dir='ltr'><strong><em>Iacobo</em></strong></span> <span class='ocrx_word' id='word_1_314' title='bbox 817 3401 973 3468; x_wconf 74' lang='lat' dir='ltr'><strong><em>Mequntino</em></strong></span> <span class='ocrx_word' id='word_1_315' title='bbox 1000 3403 1098 3468; x_wconf 84' lang='lat'><em>(1881)</em></span> <span class='ocrx_word' id='word_1_316' title='bbox 1123 3421 1177 3454; x_wconf 89' lang='lat' dir='ltr'><strong><em>non</em></strong></span> <span class='ocrx_word' id='word_1_317' title='bbox 1200 3419 1253 3454; x_wconf 86' lang='lat' dir='ltr'><strong><em>ano</em></strong></span> 
     </span>
     <span class='ocr_line' id='line_1_37' title="bbox 137 3475 1253 3542; baseline 0.001 -17"><span class='ocrx_word' id='word_1_318' title='bbox 137 3475 245 3527; x_wconf 89' lang='lat' dir='ltr'><strong><em>nomine</em></strong></span> <span class='ocrx_word' id='word_1_319' title='bbox 268 3475 405 3526; x_wconf 88' lang='lat' dir='ltr'><strong><em>laudando</em></strong></span> <span class='ocrx_word' id='word_1_320' title='bbox 426 3481 544 3525; x_wconf 84' lang='lat' dir='ltr'><strong><em>constare</em></strong></span> <span class='ocrx_word' id='word_1_321' title='bbox 563 3475 702 3538; x_wconf 80' lang='lat' dir='ltr'><strong><em>contendit,</em></strong></span> <span class='ocrx_word' id='word_1_322' title='bbox 725 3475 853 3526; x_wconf 91' lang='lat' dir='ltr'><strong><em>Iacobum</em></strong></span> <span class='ocrx_word' id='word_1_323' title='bbox 871 3475 1056 3541; x_wconf 73' lang='lat' dir='ltr'><strong><em>Mequntinum</em></strong></span> <span class='ocrx_word' id='word_1_324' title='bbox 1080 3477 1168 3542; x_wconf 89' lang='lat' dir='ltr'><strong><em>ipsum</em></strong></span> <span class='ocrx_word' id='word_1_325' title='bbox 1186 3493 1253 3526; x_wconf 89' lang='lat' dir='ltr'><strong><em>cnm-</em></strong></span> 
     </span>
     <span class='ocr_line' id='line_1_38' title="bbox 134 3547 1254 3615; baseline 0.001 -15"><span class='ocrx_word' id='word_1_326' title='bbox 134 3547 255 3613; x_wconf 84' lang='lat' dir='ltr'><strong><em>posuisse</em></strong></span> <span class='ocrx_word' id='word_1_327' title='bbox 275 3547 356 3599; x_wconf 73' lang='lat' dir='ltr'><strong><em>Gesta</em></strong></span> <span class='ocrx_word' id='word_1_328' title='bbox 378 3547 514 3610; x_wconf 85' lang='lat' dir='ltr'><strong><em>Heinrici,</em></strong></span> <span class='ocrx_word' id='word_1_329' title='bbox 542 3549 723 3600; x_wconf 83' lang='lat' dir='ltr'><strong><em>antecedentia</em></strong></span> <span class='ocrx_word' id='word_1_330' title='bbox 747 3557 834 3598; x_wconf 91' lang='lat' dir='ltr'><strong><em>autem</em></strong></span> <span class='ocrx_word' id='word_1_331' title='bbox 859 3549 1026 3614; x_wconf 85' lang='lat' dir='ltr'><strong><em>descripsisse</em></strong></span> <span class='ocrx_word' id='word_1_332' title='bbox 1052 3549 1146 3614; x_wconf 74' lang='lat' dir='ltr'><strong><em>Gesta,</em></strong></span> <span class='ocrx_word' id='word_1_333' title='bbox 1170 3566 1254 3615; x_wconf 78' lang='lat' dir='ltr'><strong><em>nsque</em></strong></span> 
     </span>
     <span class='ocr_line' id='line_1_39' title="bbox 138 3619 1254 3688; baseline 0.003 -17"><span class='ocrx_word' id='word_1_334' title='bbox 138 3621 226 3673; x_wconf 89' lang='lat' dir='ltr'><strong><em>minus</em></strong></span> <span class='ocrx_word' id='word_1_335' title='bbox 246 3627 364 3672; x_wconf 85' lang='lat' dir='ltr'><strong><em>constare</em></strong></span> <span class='ocrx_word' id='word_1_336' title='bbox 383 3620 455 3684; x_wconf 87' lang='lat' dir='ltr'><strong><em>dicit,</em></strong></span> <span class='ocrx_word' id='word_1_337' title='bbox 475 3638 533 3672; x_wconf 93' lang='lat' dir='ltr'><strong><em>eum</em></strong></span> <span class='ocrx_word' id='word_1_338' title='bbox 550 3619 665 3687; x_wconf 78' lang='lat' dir='ltr'><strong><em>priorem</em></strong></span> <span class='ocrx_word' id='word_1_339' title='bbox 684 3621 896 3673; x_wconf 85' lang='lat' dir='ltr'><strong><em>commentarium</em></strong></span> <span class='ocrx_word' id='word_1_340' title='bbox 911 3623 990 3674; x_wconf 86' lang='lat' dir='ltr'><strong><em>etiam</em></strong></span> <span class='ocrx_word' id='word_1_341' title='bbox 1004 3621 1100 3688; x_wconf 80' lang='lat' dir='ltr'><strong><em>Spirae</em></strong></span> <span class='ocrx_word' id='word_1_342' title='bbox 1119 3622 1254 3688; x_wconf 83' lang='lat' dir='ltr'><strong><em>scripsisse</em></strong></span> 
     </span>
     <span class='ocr_line' id='line_1_40' title="bbox 138 3693 1254 3762; baseline 0.002 -18"><span class='ocrx_word' id='word_1_343' title='bbox 138 3694 235 3760; x_wconf 80' lang='lat' dir='ltr'><strong><em>ibique,</em></strong></span> <span class='ocrx_word' id='word_1_344' title='bbox 255 3704 284 3745; x_wconf 87' lang='lat' dir='ltr'><strong><em>nt</em></strong></span> <span class='ocrx_word' id='word_1_345' title='bbox 304 3695 349 3758; x_wconf 89' lang='lat' dir='ltr'><strong><em>ait,</em></strong></span> <span class='ocrx_word' id='word_1_346' title='bbox 370 3695 441 3746; x_wconf 82' lang='lat' dir='ltr'><strong><em>clami</em></strong></span> <span class='ocrx_word' id='word_1_347' title='bbox 451 3693 548 3760; x_wconf 80' lang='lat' dir='ltr'><strong><em>fuisse.</em></strong></span> <span class='ocrx_word' id='word_1_348' title='bbox 583 3695 658 3756; x_wconf 78' lang='lat' dir='ltr'><strong><em>Quae</em></strong></span> <span class='ocrx_word' id='word_1_349' title='bbox 677 3694 807 3746; x_wconf 88' lang='lat' dir='ltr'><strong><em>sententia</em></strong></span> <span class='ocrx_word' id='word_1_350' title='bbox 825 3696 959 3760; x_wconf 86' lang='lat' dir='ltr'><strong><em>refutatur</em></strong></span> <span class='ocrx_word' id='word_1_351' title='bbox 971 3697 1014 3746; x_wconf 87' lang='lat' dir='ltr'><strong><em>uel</em></strong></span> <span class='ocrx_word' id='word_1_352' title='bbox 1026 3695 1202 3762; x_wconf 69' lang='lat' dir='ltr'><strong><em>appellatione</em></strong></span> <span class='ocrx_word' id='word_1_353' title='bbox 1221 3696 1254 3746; x_wconf 85' lang='lat' dir='ltr'><strong><em>cle</em></strong></span> 
     </span>
     <span class='ocr_line' id='line_1_41' title="bbox 139 3767 1256 3836; baseline 0.003 -20"><span class='ocrx_word' id='word_1_354' title='bbox 139 3767 288 3836; x_wconf 73' lang='lat' dir='ltr'><strong><em>Mopuntia,</em></strong></span> <span class='ocrx_word' id='word_1_355' title='bbox 308 3786 362 3834; x_wconf 82' lang='lat' dir='ltr'><strong><em>qua</em></strong></span> <span class='ocrx_word' id='word_1_356' title='bbox 375 3767 430 3820; x_wconf 89' lang='lat' dir='ltr'><strong><em>eius</em></strong></span> <span class='ocrx_word' id='word_1_357' title='bbox 450 3767 575 3834; x_wconf 75' lang='lat' dir='ltr'><strong><em>oripincm</em></strong></span> <span class='ocrx_word' id='word_1_358' title='bbox 593 3769 738 3835; x_wconf 76' lang='lat' dir='ltr'><strong><em>sipnificari</em></strong></span> <span class='ocrx_word' id='word_1_359' title='bbox 757 3777 877 3834; x_wconf 84' lang='lat' dir='ltr'><strong><em>apparet.</em></strong></span> <span class='ocrx_word' id='word_1_360' title='bbox 907 3768 938 3820; x_wconf 89' lang='lat' dir='ltr'><strong><em>Si</em></strong></span> <span class='ocrx_word' id='word_1_361' title='bbox 957 3777 1044 3820; x_wconf 90' lang='lat' dir='ltr'><strong><em>autem</em></strong></span> <span class='ocrx_word' id='word_1_362' title='bbox 1063 3775 1194 3824; x_wconf 87' lang='lat' dir='ltr'><strong><em>auctorem</em></strong></span> <span class='ocrx_word' id='word_1_363' title='bbox 1213 3769 1256 3820; x_wconf 87' lang='lat' dir='ltr'><strong><em>nel</em></strong></span> 
     </span>
     <span class='ocr_line' id='line_1_42' title="bbox 140 3841 1255 3908; baseline 0 -16"><span class='ocrx_word' id='word_1_364' title='bbox 140 3841 279 3894; x_wconf 82' lang='lat' dir='ltr'><strong><em>librarium</em></strong></span> <span class='ocrx_word' id='word_1_365' title='bbox 290 3841 428 3894; x_wconf 77' lang='lat' dir='ltr'><strong><em>Gestorum</em></strong></span> <span class='ocrx_word' id='word_1_366' title='bbox 440 3841 551 3892; x_wconf 88' lang='lat' dir='ltr'><strong><em>eundem</em></strong></span> <span class='ocrx_word' id='word_1_367' title='bbox 564 3858 618 3892; x_wconf 87' lang='lat' dir='ltr'><strong><em>esse</em></strong></span> <span class='ocrx_word' id='word_1_368' title='bbox 626 3851 754 3907; x_wconf 89' lang='lat' dir='ltr'><strong><em>putamus</em></strong></span> <span class='ocrx_word' id='word_1_369' title='bbox 765 3844 796 3892; x_wconf 88' lang='lat' dir='ltr'><strong><em>ao</em></strong></span> <span class='ocrx_word' id='word_1_370' title='bbox 806 3842 824 3892; x_wconf 87' lang='lat'><em>1</em></span> <span class='ocrx_word' id='word_1_371' title='bbox 824 3843 932 3892; x_wconf 87' lang='lat' dir='ltr'><strong><em>acobum</em></strong></span> <span class='ocrx_word' id='word_1_372' title='bbox 941 3841 1127 3908; x_wconf 72' lang='lat' dir='ltr'><strong><em>Moyuntinum</em></strong></span> <span class='ocrx_word' id='word_1_373' title='bbox 1140 3841 1255 3893; x_wconf 88' lang='lat' dir='ltr'><strong><em>chronici</em></strong></span> 
     </span>
     <span class='ocr_line' id='line_1_43' title="bbox 140 3915 1255 3984; baseline 0 -19"><span class='ocrx_word' id='word_1_374' title='bbox 140 3915 300 3980; x_wconf 88' lang='lat' dir='ltr'><strong><em>scriptorem,</em></strong></span> <span class='ocrx_word' id='word_1_375' title='bbox 319 3920 521 3966; x_wconf 85' lang='lat' dir='ltr'><strong><em>consentaneum</em></strong></span> <span class='ocrx_word' id='word_1_376' title='bbox 534 3921 579 3978; x_wconf 90' lang='lat' dir='ltr'><strong><em>est,</em></strong></span> <span class='ocrx_word' id='word_1_377' title='bbox 599 3931 656 3966; x_wconf 90' lang='lat' dir='ltr'><strong><em>eum</em></strong></span> <span class='ocrx_word' id='word_1_378' title='bbox 671 3922 750 3967; x_wconf 88' lang='lat' dir='ltr'><strong><em>antea</em></strong></span> <span class='ocrx_word' id='word_1_379' title='bbox 766 3916 899 3984; x_wconf 85' lang='lat' dir='ltr'><strong><em>notarium</em></strong></span> <span class='ocrx_word' id='word_1_380' title='bbox 918 3915 1033 3967; x_wconf 88' lang='lat' dir='ltr'><strong><em>Werneri</em></strong></span> <span class='ocrx_word' id='word_1_381' title='bbox 1043 3917 1131 3980; x_wconf 89' lang='lat' dir='ltr'><strong><em>fuisse</em></strong></span> <span class='ocrx_word' id='word_1_382' title='bbox 1144 3915 1255 3980; x_wconf 86' lang='lat' dir='ltr'><strong><em>capituli</em></strong></span> 
     </span>
     <span class='ocr_line' id='line_1_44' title="bbox 140 3985 1255 4054; baseline 0.003 -17"><span class='ocrx_word' id='word_1_383' title='bbox 140 3985 167 4037; x_wconf 89' lang='lat' dir='ltr'><strong><em>S.</em></strong></span> <span class='ocrx_word' id='word_1_384' title='bbox 184 3988 295 4040; x_wconf 89' lang='lat' dir='ltr'><strong><em>Victoris</em></strong></span> <span class='ocrx_word' id='word_1_385' title='bbox 309 3987 466 4054; x_wconf 90' lang='lat' dir='ltr'><strong><em>praepositi,</em></strong></span> <span class='ocrx_word' id='word_1_386' title='bbox 482 3995 577 4053; x_wconf 88' lang='lat' dir='ltr'><strong><em>postea</em></strong></span> <span class='ocrx_word' id='word_1_387' title='bbox 596 3996 682 4040; x_wconf 90' lang='lat' dir='ltr'><strong><em>autem</em></strong></span> <span class='ocrx_word' id='word_1_388' title='bbox 696 3988 805 4054; x_wconf 69' lang='lat' dir='ltr'><strong><em>Spiram</em></strong></span> <span class='ocrx_word' id='word_1_389' title='bbox 817 3987 952 4054; x_wconf 73' lang='lat' dir='ltr'><strong><em>miprasse,</em></strong></span> <span class='ocrx_word' id='word_1_390' title='bbox 972 3989 1017 4040; x_wconf 91' lang='lat' dir='ltr'><strong><em>ubi</em></strong></span> <span class='ocrx_word' id='word_1_391' title='bbox 1035 4006 1142 4040; x_wconf 89' lang='lat' dir='ltr'><strong><em>munere</em></strong></span> <span class='ocrx_word' id='word_1_392' title='bbox 1154 3988 1255 4040; x_wconf 88' lang='lat' dir='ltr'><strong><em>notarii</em></strong></span> 
     </span>
     <span class='ocr_line' id='line_1_45' title="bbox 135 4060 1254 4128; baseline 0 -17"><span class='ocrx_word' id='word_1_393' title='bbox 135 4061 235 4124; x_wconf 78' lang='lat' dir='ltr'><strong><em>publici</em></strong></span> <span class='ocrx_word' id='word_1_394' title='bbox 253 4069 277 4113; x_wconf 90' lang='lat' dir='ltr'><strong><em>et</em></strong></span> <span class='ocrx_word' id='word_1_395' title='bbox 300 4060 448 4127; x_wconf 85' lang='lat' dir='ltr'><strong><em>imperialis</em></strong></span> <span class='ocrx_word' id='word_1_396' title='bbox 459 4061 627 4128; x_wconf 76' lang='lat' dir='ltr'><strong><em>funqebatur</em></strong></span> <span class='ocrx_word' id='word_1_397' title='bbox 646 4071 670 4113; x_wconf 91' lang='lat' dir='ltr'><strong><em>et</em></strong></span> <span class='ocrx_word' id='word_1_398' title='bbox 689 4061 834 4112; x_wconf 79' lang='lat' dir='ltr'><strong><em>Chronicon</em></strong></span> <span class='ocrx_word' id='word_1_399' title='bbox 855 4061 968 4128; x_wconf 83' lang='lat' dir='ltr'><strong><em>scripsit.</em></strong></span> <span class='ocrx_word' id='word_1_400' title='bbox 1012 4061 1048 4111; x_wconf 86' lang='lat' dir='ltr'><strong><em>Et</em></strong></span> <span class='ocrx_word' id='word_1_401' title='bbox 1072 4061 1105 4126; x_wconf 89' lang='lat' dir='ltr'><strong><em>si,</em></strong></span> <span class='ocrx_word' id='word_1_402' title='bbox 1129 4069 1158 4113; x_wconf 88' lang='lat' dir='ltr'><strong><em>ut</em></strong></span> <span class='ocrx_word' id='word_1_403' title='bbox 1182 4062 1254 4128; x_wconf 78' lang='lat' dir='ltr'><strong><em>equi-</em></strong></span> 
     </span>
     <span class='ocr_line' id='line_1_46' title="bbox 139 4133 1255 4201; baseline 0.002 -17"><span class='ocrx_word' id='word_1_404' title='bbox 139 4133 198 4185; x_wconf 85' lang='lat' dir='ltr'><strong><em>dem</em></strong></span> <span class='ocrx_word' id='word_1_405' title='bbox 223 4133 348 4197; x_wconf 77' lang='lat' dir='ltr'><strong><em>existima,</em></strong></span> <span class='ocrx_word' id='word_1_406' title='bbox 377 4135 457 4186; x_wconf 79' lang='lat' dir='ltr'><strong><em>Gesta</em></strong></span> <span class='ocrx_word' id='word_1_407' title='bbox 478 4133 600 4185; x_wconf 88' lang='lat' dir='ltr'><strong><em>Heinrici</em></strong></span> <span class='ocrx_word' id='word_1_408' title='bbox 619 4135 681 4186; x_wconf 88' lang='lat' dir='ltr'><strong>VII.</strong></span> <span class='ocrx_word' id='word_1_409' title='bbox 706 4134 860 4201; x_wconf 78' lang='lat' dir='ltr'><strong><em>Moyuntiae</em></strong></span> <span class='ocrx_word' id='word_1_410' title='bbox 885 4137 985 4201; x_wconf 84' lang='lat' dir='ltr'><strong><em>scripta</em></strong></span> <span class='ocrx_word' id='word_1_411' title='bbox 1009 4143 1085 4198; x_wconf 89' lang='lat' dir='ltr'><strong><em>sunt,</em></strong></span> <span class='ocrx_word' id='word_1_412' title='bbox 1112 4151 1143 4186; x_wconf 83' lang='lat' dir='ltr'><strong><em>cn</em></strong></span> <span class='ocrx_word' id='word_1_413' title='bbox 1169 4152 1201 4186; x_wconf 90' lang='lat' dir='ltr'><strong><em>ea</em></strong></span> <span class='ocrx_word' id='word_1_414' title='bbox 1226 4151 1255 4186; x_wconf 83' lang='lat' dir='ltr'><strong><em>re</em></strong></span> 
     </span>
     <span class='ocr_line' id='line_1_47' title="bbox 140 4207 1255 4275; baseline 0.002 -19"><span class='ocrx_word' id='word_1_415' title='bbox 140 4207 217 4258; x_wconf 88' lang='lat' dir='ltr'><strong><em>etiam</em></strong></span> <span class='ocrx_word' id='word_1_416' title='bbox 235 4208 404 4275; x_wconf 62' lang='lat' dir='ltr'><strong><em>intellegitur,</em></strong></span> <span class='ocrx_word' id='word_1_417' title='bbox 425 4225 473 4259; x_wconf 91' lang='lat' dir='ltr'><strong><em>cur</em></strong></span> <span class='ocrx_word' id='word_1_418' title='bbox 492 4215 583 4258; x_wconf 89' lang='lat' dir='ltr'><strong><em>auctor</em></strong></span> <span class='ocrx_word' id='word_1_419' title='bbox 598 4207 720 4260; x_wconf 84' lang='lat' dir='ltr'><strong><em>Ohroniei</em></strong></span> <span class='ocrx_word' id='word_1_420' title='bbox 732 4208 883 4274; x_wconf 72' lang='lat' dir='ltr'><strong><em>Mopuntini</em></strong></span> <span class='ocrx_word' id='word_1_421' title='bbox 902 4209 966 4260; x_wconf 88' lang='lat' dir='ltr'><strong><em>haec</em></strong></span> <span class='ocrx_word' id='word_1_422' title='bbox 979 4213 1089 4270; x_wconf 90' lang='lat' dir='ltr'><strong><em>tantum,</em></strong></span> <span class='ocrx_word' id='word_1_423' title='bbox 1108 4225 1161 4258; x_wconf 89' lang='lat' dir='ltr'><strong><em>non</em></strong></span> <span class='ocrx_word' id='word_1_424' title='bbox 1177 4209 1255 4259; x_wconf 89' lang='lat' dir='ltr'><strong><em>ctiam</em></strong></span> 
     </span>
     <span class='ocr_line' id='line_1_48' title="bbox 138 4279 1255 4348; baseline 0.004 -20"><span class='ocrx_word' id='word_1_425' title='bbox 138 4279 230 4333; x_wconf 88' lang='lat' dir='ltr'><strong><em>Iacobi</em></strong></span> <span class='ocrx_word' id='word_1_426' title='bbox 242 4281 382 4334; x_wconf 73' lang='lat' dir='ltr'><strong><em>chronicon</em></strong></span> <span class='ocrx_word' id='word_1_427' title='bbox 396 4279 492 4348; x_wconf 81' lang='lat' dir='ltr'><strong><em>Spirae</em></strong></span> <span class='ocrx_word' id='word_1_428' title='bbox 511 4283 637 4346; x_wconf 83' lang='lat' dir='ltr'><strong><em>scriptum</em></strong></span> <span class='ocrx_word' id='word_1_429' title='bbox 651 4283 761 4344; x_wconf 84' lang='lat' dir='ltr'><strong><em>nouerit,</em></strong></span> <span class='ocrx_word' id='word_1_430' title='bbox 781 4298 841 4346; x_wconf 77' lang='lat' dir='ltr'><strong><em>quo,</em></strong></span> <span class='ocrx_word' id='word_1_431' title='bbox 860 4299 1019 4348; x_wconf 80' lang='lat' dir='ltr'><strong><em>quamquam</em></strong></span> <span class='ocrx_word' id='word_1_432' title='bbox 1033 4281 1124 4346; x_wconf 85' lang='lat' dir='ltr'><strong><em>potius</em></strong></span> <span class='ocrx_word' id='word_1_433' title='bbox 1138 4281 1255 4347; x_wconf 87' lang='lat' dir='ltr'><strong><em>pertinet</em></strong></span> 
     </span>
     <span class='ocr_line' id='line_1_49' title="bbox 139 4353 1113 4419; baseline 0.002 -15"><span class='ocrx_word' id='word_1_434' title='bbox 139 4355 176 4405; x_wconf 87' lang='lat' dir='ltr'><strong><em>ad</em></strong></span> <span class='ocrx_word' id='word_1_435' title='bbox 193 4353 329 4408; x_wconf 78' lang='lat' dir='ltr'><strong><em>historiam</em></strong></span> <span class='ocrx_word' id='word_1_436' title='bbox 348 4372 433 4419; x_wconf 88' lang='lat' dir='ltr'><strong><em>suam,</em></strong></span> <span class='ocrx_word' id='word_1_437' title='bbox 454 4372 512 4407; x_wconf 89' lang='lat' dir='ltr'><strong><em>eum</em></strong></span> <span class='ocrx_word' id='word_1_438' title='bbox 531 4371 608 4406; x_wconf 88' lang='lat' dir='ltr'><strong><em>usum</em></strong></span> <span class='ocrx_word' id='word_1_439' title='bbox 627 4372 688 4419; x_wconf 87' lang='lat' dir='ltr'><strong><em>esse,</em></strong></span> <span class='ocrx_word' id='word_1_440' title='bbox 707 4356 810 4406; x_wconf 85' lang='lat' dir='ltr'><strong><em>nullum</em></strong></span> <span class='ocrx_word' id='word_1_441' title='bbox 826 4356 962 4408; x_wconf 87' lang='lat' dir='ltr'><strong><em>inuenitur</em></strong></span> <span class='ocrx_word' id='word_1_442' title='bbox 978 4353 1113 4406; x_wconf 84' lang='lat' dir='ltr'><strong><em>indicium.</em></strong></span> 
     </span>
    </p>
   </div>
   <div class='ocr_carea' id='block_1_6' title="bbox 0 0 1563 4962">
    <p class='ocr_par' dir='ltr' id='par_1_6' title="bbox 0 0 1563 4962">
     <span class='ocr_line' id='line_1_50' title="bbox 0 0 1563 4962; baseline 0 0"><span class='ocrx_word' id='word_1_443' title='bbox 0 0 1563 4962; x_wconf 95' lang='lat' dir='ltr'><strong><em> </em></strong></span> 
     </span>
    </p>
   </div>
  </div>
 </body>
</html>
