3076 4964
352 373 560 424 CHRONICON
579 373 830 424 MOGUN'HNUM
869 374 901 424 Α.
926 375 1003 424 1447.
1025 373 1103 425 1448.
1254 377 1290 426 87

166 538 315 604 dominus
337 537 558 604 Theodericus
585 539 846 624 archiepiscopus
868 540 1089 626 Moguntinus,
1118 541 1289 606 Ludwicus

165 623 371 708 langgravius
396 625 511 688 Hassis
533 634 565 689 et
591 624 647 688 alii
676 643 772 709 quam
796 623 903 708 plures
925 625 1090 710 principes
1112 633 1145 688 et
1166 624 1290 690 domini

166 707 270 772 dictos
298 707 396 771 duces
426 721 457 772 et
478 708 591 772 fratres
614 708 858 774 concordarunt.
903 708 967 772 Sed
989 710 1043 773 isti
1065 708 1235 774 horribiles
1258 720 1290 775 et

165 793 319 856 insensati
338 791 482 872 Bohemi,
505 813 569 856 non
592 791 769 876 gaudentes
792 791 832 855 de
853 813 943 876 pace,
965 793 1166 858 intraverunt
1183 795 1289 859 West-

165 874 283 939 valiam
317 885 430 939 contra
459 875 658 940 Suzaccnses
686 885 718 942 et
744 874 823 940 alias
855 877 1001 940 civitates
1031 878 1065 940 in
1092 877 1288 942 adiutorium

165 959 288 1024 domini
316 959 509 1026 Theoderici
535 961 772 1044 archiepiscopi
795 957 1032 1042 Coloniensis1,
1060 971 1092 1026 et
1118 959 1180 1026 hoc
1205 962 1290 1025 circa

165 1043 284 1108 festum
306 1052 490 1112 sanctorum
509 1045 575 1108 Viti
597 1053 630 1110 et
648 1043 796 1124 Modesti,
819 1045 876 1108 ubi
898 1045 1003 1129 primo
1025 1043 1150 1130 aliquas
1162 1066 1288 1193 parvas
1301 1071 1394 1112 maru

166 1129 313 1192 civitates
335 1149 470 1192 numero
493 1131 636 1276 {sinque
659 1150 732 1192 cum
754 1127 838 1192 villis
861 1128 1102 1211 destruxerunt,
1125 1152 1159 1193 se
1206 1139 1289 1213 post·

165 1233 264 1297 quam
290 1221 448 1276 venerunt
475 1234 495 1276 a
539 1213 701 1276 civitatem
724 1212 952 1292 Suzacensem,
981 1213 1127 1278 videntes
1154 1214 1290 1280 defensi-

166 1317 260 1360 onem
283 1297 403 1360 civium
426 1317 500 1360 cum
522 1297 642 1388 pixidis
664 1307 735 1378 etc,
762 1296 1058 1398 papimjbcllicosc
1079 1298 1289 1376 attentabant,

165 1381 213 1443 sic
240 1379 328 1465 quod
354 1380 418 1466 ipsi
446 1389 607 1466 parvum!
629 1381 806 1466 dampnum
836 1381 870 1444 in
892 1382 958 1445 suis
980 1379 1203 1466 paciebantur,
1234 1381 1290 1446 sed

164 1463 315 1528 dominus
331 1462 534 1529 Coloniensis
555 1464 590 1527 in
613 1465 680 1528 suis
696 1487 866 1549 magnum;
890 1474 921 1528 ct
942 1465 990 1529 sic
1011 1463 1111 1528 nichil
1125 1465 1289 1544 lucrando,

167 1547 224 1612 sed
257 1547 337 1612 heul
371 1570 446 1612 cum
479 1547 620 1634 dampno
658 1559 690 1614 ct
720 1547 871 1612 scandalo
904 1547 1054 1613 dominus
1088 1547 1290 1614 Coloniensis

165 1634 296 1701 recessit
325 1632 516 1698 decivitate
540 1633 728 1718 Suzacensil
768 1633 836 1717 ipsi
858 1641 965 1696 autem
988 1632 1133 1714 Bohemi,
1182 1633 1289 1698 uando

163 1717 365 1782 intraverunt
383 1715 604 1798 Westvaliam,
626 1718 753 1782 iverunt
774 1717 940 1802 perviam
955 1715 1053 1780 suber
1074 1716 1133 1780 das
1154 1655 1303 1804 dysfettf

163 1808 197 1866 et
222 1823 281 1886 per
300 1801 496 1885 ,Gottingem
523 1801 643 1885 inqua
672 1801 725 1864 via
753 1799 855 1864 multa
882 1799 1022 1864 claustra
1052 1801 1289 1881 monachorum,

135 1907 139 1916 ·
166 1883 362 1966 monialium,
384 1883 463 1948 alias
486 1884 648 1966 ecclesias,
670 1894 810 1948 montem
830 1886 933 1949 sancti
950 1933 957 1948 .
974 1879 1349 1965 ‚smontemssanctim

163 1968 289 2034 Nicolai
325 1979 358 2033 et
384 1968 501 2033 multas
527 1968 619 2032 villas
646 1968 825 2054 spoliarunt
850 1977 882 2032 et
910 1968 1139 2033 destruxerunt
1164 1979 1196 2034 et
1225 1968 1289 2032 alie
1330 1972 1353 1987 s

163 2052 290 2116 infinita
316 2051 401 2117 mala
421 2063 557 2138 protunc
584 2061 823 2138 perpetrarunt,
852 2051 910 2116 scd
931 2053 1017 2116 circa
1039 2052 1158 2118 festum
1186 2055 1289 2118 sancti

163 2136 275 2201 Iacobi
295 2159 354 2221 per
375 2135 511 2200 candem
533 2135 668 2222 pacifice
691 2148 766 2199 sunt
787 2137 908 2200 reversi
930 2137 1026 2206 viam,
1297 2161 1385 2204 raas.

248 2239 363 2302 *Anno
385 2238 520 2305 Domini
543 2238 636 2318 1447,
657 2238 812 2302 vicesima
832 2259 918 2302 nona
939 2237 991 2302 die
1014 2239 1133 2302 mensis
1149 2237 1224 2303 Iulii
1246 2237 1398 2306 de*s·¹⁵⁰‘·

163 2343 236 2386 sero
259 2325 345 2385 circa
365 2321 477 2385 horam
492 2331 640 2407 quartam
656 2323 744 2384 venit
758 2343 844 2406 aqua
858 2323 953 2388 nimis
969 2343 1096 2406 magna,
1119 2322 1287 2387 destruens
1297 2341 1341 2386 ra,
1352 2341 1389 2382 aa.

164 2405 339 2471 maximam
361 2415 486 2490 partem
507 2403 582 2470 ville
603 2406 636 2468 in
652 2405 825 2486 chheim,
848 2405 1057 2489 submergens
1080 2415 1112 2470 et
1126 2404 1288 2470 deducens

163 2489 285 2554 ibidem
309 2490 347 2554 16
362 2491 507 2553 homines
529 2511 602 2552 cum
619 2489 726 2571 curiis,
746 2489 906 2570 domibus,
929 2487 1052 2554 horreis
1075 2499 1107 2554 et
1120 2489 1288 2554 frumentis

164 2575 330 2655 maximis3
360 2583 392 2638 et
420 2572 547 2722 eadcmp
562 2573 761 2638 descendens
790 2572 832 2638 ad
859 2571 1012 2653 Zalbach,
1042 2571 1162 2638 ibidem
1187 2583 1288 2638 totam

163 2657 271 2722 villam
300 2657 436 2722 deduxit
464 2666 496 2723 et
544 2658 716 2738 evastavit,
749 2666 782 2721 et
808 2656 966 2722 submersi
993 2667 1069 2722 sunt
1095 2658 1142 2724 ibi
1170 2679 1288 2722 novem

164 2742 319 2810 homines.
352 2741 396 2806 Et
416 2740 500 2805 ultra
520 2740 727 2822 descendens,
750 2741 909 2806 destruxit
931 2742 1040 2806 omnia
1054 2740 1239 2806 molendina
1257 2751 1289 2806 et

165 2847 272 2890 muros
292 2823 424 2890 claustri
446 2829 479 2888 in
495 2824 600 2890 Dalen
623 2847 696 2890 cum
711 2825 859 2912 coquina,
878 2823 1013 2890 stabulis
1035 2835 1068 2890 et
1088 2824 1158 2888 aliis
1179 2824 1290 2890 multis

163 2907 370 2992 habitaculis,
393 2917 425 2974 et
445 2909 508 2974 fuit
526 2919 593 2974 tam
609 2930 726 2994 magna
747 2930 833 2994 aqua
853 2911 887 2972 in
902 2907 1051 2990 claustro,
1074 2908 1160 2994 quod
1183 2910 1290 2994 attigit
1345 2969 1348 2976 ,

163 2989 310 3086 chorium]
324 2993 358 3056 in
379 3015 498 3078 magna
519 2995 614 3080 copia
640 3002 672 3058 et
692 2992 871 3058 altitudine.
914 2993 958 3056 Et
978 2993 1137 3058 submersi
1159 3002 1234 3057 sunt
1255 2996 1288 3057 in

163 3077 303 3142 claustro
325 3075 474 3142 dominus
490 3077 658 3144 Conradus
680 3076 720 3141 de
742 3075 841 3142 Eltvil
863 3077 1027 3142 confessor
1047 3076 1234 3142 monialium
1256 3085 1288 3141 et

163 3161 279 3224 ancilla
300 3163 334 3224 in
357 3162 504 3248 coquina,
545 3161 669 3227 Eadem
691 3183 775 3247 aqua
797 3161 957 3225 destruxit
978 3162 1101 3225 curiam
1118 3167 1175 3226 ‘tu
1196 3171 1288 3226 sanct

162 3237 335 3326 (tereres'i,
362 3257 395 3310 et
416 3256 519 3310 ortum
543 3246 722 3309 Hermanni
740 3244 926 3331 Apotecarii
948 3267 1023 3308 cum
1045 3245 1112 3308 suis
1134 3246 1234 3308 muris
1257 3255 1289 3310 et

162 3329 314 3392 domibus
328 3327 469 3394 totaliter
483 3329 652 3408 destruxit,
667 3338 700 3393 et
714 3330 761 3393 sic
776 3350 872 3393 conse
896 3340 1009 3394 uenter
1022 3329 1287 3394 innumerabilem

163 3413 340 3496 dampnum
361 3412 438 3477 fecit
460 3412 614 3476 ortulauis
637 3434 710 3477 cum
733 3351 944 3478 cadaveribus
966 3412 1162 3495 animalium,
1190 3412 1287 3496 lignis

163 3497 203 3561 de
231 3495 380 3643 dpmibus
410 3497 519 3562 fractis
549 3507 581 3562 et
614 3489 799 3584 frumentis)
834 3497 951 3584 quibus
980 3497 1095 3562 herbas
1128 3505 1160 3562 et
1190 3517 1286 3582 agros

165 3602 258 3646 macu
271 3590 346 3647 avit.
1042 3595 1047 3610 ‘

249 3670 343 3734 Anno
359 3670 492 3733 Domini
508 3671 600 3736 1447.
624 3671 687 3734 den
709 3681 847 3755 gantzen
869 3671 982 3734 winter
1002 3661 1157 3735 bis*nach
1180 3677 1363 3737 osternrus.

161 3757 196 3820 in
218 3775 302 3818 anno
326 3755 417 3820 1448.
440 3775 506 3817 was
527 3753 584 3818 der
598 3754 703 3819 Rhein
725 3753 792 3818 also
806 3752 906 3835 klein,
929 3753 987 3818 das
1010 3775 1084 3818 man
1105 3775 1149 3838 yn
1173 3753 1223 3818 hie
1245 3775 1286 3818 zu
1319 3812 1323 3818 .

164 3943 188 3995 a
204 3913 287 4018 ..φῆ
302 3957 321 3986 ..

166 4102 192 4165 1)
213 4101 253 4170 Of.
275 4104 308 4155 de
327 4104 392 4156 bello
411 4103 603 4170 archicpiscopi
621 4103 783 4155 Colonieoaia
803 4105 931 4155 adversus
951 4104 1081 4156 civitatem
1097 4100 1173 4155 Soest
1187 4101 1284 4155 Chron.

163 4175 317 4242 Koclhoffii,
338 4194 369 4242 p.
386 4175 445 4228 788.
522 4175 551 4242 2)
576 4175 698 4228 Ecclesia
723 4175 752 4229 S,
775 4175 892 4240 Hilarii,
918 4193 1035 4228 samone
1059 4175 1166 4242 culpari
1191 4175 1284 4228 ‘Sonat

163 4249 263 4300 Gleriz'
281 4250 428 4315 nominata,
453 4258 529 4302 extra
548 4250 677 4302 civitatem
692 4266 777 4316 prope
797 4248 976 4300 coemeterium
995 4250 1048 4300 sita
1067 4255 1131 4300 erat.
1167 4247 1283 4312 Scboab,

162 4321 265 4373 ‘Geaclu
285 4340 310 4374 e.
332 4322 435 4373 Maim'
455 4323 524 4390 I,p.
538 4324 601 4375 434.
621 4331 645 4374 ct
665 4323 707 4386 11,
722 4340 752 4388 p.
767 4323 829 4373 421.
