3076 4964
252 306 289 356 82
377 319 379 325 ·
437 300 646 354 CHRONICON
663 301 915 352 MOGUNTINUM.
952 301 984 350 A.
1007 299 1196 350 1402-1406.

253 471 391 536 Romani
423 470 551 555 imperii
586 471 709 553 absquo
745 467 832 531 omni
864 467 1119 532 remuneratione
1155 467 1218 532 sibi
1250 469 1379 533 tradere

252 554 345 636 velit,
378 553 465 640 quod
494 563 602 617 tamen
630 553 736 616 facere
764 551 879 632 noluit3
908 572 983 614 nam
1012 553 1040 614 si
1068 550 1206 632 fecisset,
1237 574 1374 636 regnum

253 637 461 702 Bohemicum
484 659 558 701 cum
579 637 724 700 Romano
746 635 868 721 absque
890 633 989 698 dubio
1011 634 1214 718 perdidisset.

337 723 420 786 Item
449 733 525 786 nota
546 719 635 784 litem
664 721 747 784 inter
769 721 879 804 episco
903 740 957 781 um
979 719 1212 803 Magantinum
1234 728 1266 784 et
1286 718 1377 804 lang·

137 821 141 858 ·.
176 827 241 867 reos.
275 806 400 870 ravium
423 806 539 870 Hassie
567 825 652 868 anno
685 804 780 884 1404,
810 813 842 868 et
870 741 998 866 duravit
1023 825 1082 886 per
1109 814 1172 868 tres
1200 815 1317 867 annos¹
1344 813 1379 868 et
1405 803 1439 893 v}

138 889 142 988 j
251 828 475 965 Iltdohannes
491 889 673 972 Kungstein
694 887 834 952 vicarius
856 885 991 951 ecclesie
1013 887 1205 971 Magantine
1229 933 1237 950 .
1259 895 1399 952 acum!

34 997 39 1006 ·
140 1004 144 1018 ·
251 971 369 1058 pilator
389 972 484 1036 huius
508 971 580 1038 belli
590 982 612 1034 ².
1356 1029 1360 1034 .

177 1057 241 1108 ¹⁴⁰⁶·
335 1058 418 1122 Item
439 1066 523 1134 nota,
547 1057 633 1141 quod
656 1074 739 1118 anno
760 1055 895 1120 Domini
920 1054 1010 1136 1406,
1032 1055 1065 1117 in
1087 1053 1200 1142 vigilia
1220 1055 1321 1118 Primi
1344 1064 1378 1119 et

158 1115 406 1205 ¹“'¹'⁸'Feliciani
427 1141 488 1204 fuit
509 1139 658 1224 ecclipsis
679 1139 763 1203 lune.
1354 1141 1360 1147 '
1383 1144 1389 1150 '

141 1237 193 1287 ren.
206 1249 239 1288 rc.
334 1223 430 1287 Anno
453 1224 586 1288 Domini
611 1224 700 1305 1406,
722 1224 756 1286 in
777 1222 858 1286 festo
881 1229 1067 1286 sanctorum
1083 1223 1190 1288 Aures
1213 1233 1245 1288 et
1259 1222 1374 1287 Iustini

250 1306 428 1454 partyrum
450 1307 533 1372 infra
554 1318 680 1372 sextam
702 1316 735 1371 et
755 1306 924 1392 septimam
946 1305 1041 1370 horas
1063 1305 1124 1372 fuit
1145 1305 1274 1392 eclipsis
1297 1306 1374 1371 solis

273 1401 438 1457 emane⁸.

334 1473 430 1538 Anno
457 1485 494 1539 ut
519 1497 616 1559 supra
644 1482 713 1538 erat
739 1475 920 1558 persecutio
949 1473 1195 1540 Lollhardorum
1223 1485 1254 1538 st
1279 1474 1372 1558 Begi·

248 1579 363 1622 narum
378 1560 411 1622 in
427 1559 616 1644 Maguncia³
639 1581 697 1644 per
712 1556 930 1621 honorabilem
947 1557 1112 1622 dominum
1133 1569 1166 1624 et
1181 1559 1372 1640 magistrum

250 1642 427 1707 Henricum
455 1643 496 1708 de
519 1642 653 1726 Lepide,
681 1643 736 1728 qui
764 1641 883 1726 optime
911 1643 1002 1704 novit
1024 1664 1078 1706 eos
1101 1653 1133 1708 et
1154 1666 1219 1723 eas,
1248 1643 1373 1708 scilicet

249 1726 348 1790 vitam
364 1749 476 1792 eorum
491 1736 523 1791 et
544 1749 663 1790 earum.
707 1726 751 1788 Et
765 1725 941 1788 notandum
964 1735 1022 1806 est,
1045 1726 1132 1812 quod
1153 1749 1217 1790 una
1232 1727 1372 1811 Begutta

248 1807 310 1874 luit
329 1813 363 1874 in
386 1810 683 1876 clusistNioomedis
704 1819 796 1872 extra
817 1809 980 1874 civitatem
1003 1820 1035 1874 et
1056 1832 1165 1874 muros
1179 1811 1371 1896 Magoneie;

248 1903 317 1960 erat
344 1907 440 1980 capta
465 1903 496 1958 et
522 1895 720 1958 incarcerata
745 1903 876 1977 propter
904 1894 1056 1976 heresim,
1082 1903 1115 1960 ct
1141 1894 1372 1980 quamplures

248 1978 398 2043 mulieres
427 1979 468 2043 de
489 1977 677 2063 Argentina.
721 1976 765 2040 ln
791 1973 1080 2064 iuvenis‘quidiim,
1110 1979 1165 2063 qui
1188 1989 1256 2044 erat
1276 1989 1371 2044 natus

182 2125 207 2142 ..
224 2060 288 2129 ‚de
310 2061 495 2146 Rotenberg
523 2069 604 2126 ‘von
626 2061 683 2124 der
703 2059 837 2142 l'ubcr',
867 2062 929 2125 fuit
957 2075 1040 2125 unus
1068 2061 1107 2126 de
1137 2062 1179 2126 70
1203 2063 1420 2147 discipulina.

133 2147 163 2170 ‘⁶'
247 2145 377 2230 die-boli,
404 2168 468 2211 non
493 2145 591 2210 Ihesu
613 2145 744 2226 Christi,
775 2145 850 2230 quia
878 2145 939 2208 fuit
960 2145 1142 2212 hereticusb
1164 2155 1196 2210 et
1217 2147 1371 2230 deceptus

248 2253 305 2314 per
326 2253 425 2294 unum
440 2231 610 2315 antiquum
625 2228 823 2294 Lolhardum
839 2229 1052 2294 confessorem
1068 2251 1189 2312 earum,
1213 2240 1244 2296 et
1258 2238 1372 2315 postea

247 2314 430 2411 penitencia
454 2313 570 2378 ductus
600 2336 658 2399 per
686 2313 877 2398 magistrum
899 2313 1076 2378 Henricum
1099 2316 1372 2400 prenominatum,

246 2419 280 2460 111
302 2399 425 2463 ambitu
447 2396 582 2462 ecclesie
597 2399 728 2490 maiopis
750 2417 857 2460 coram
882 2399 967 2458 omni
989 2397 1110 2488 populo
1133 2397 1250 2484 sede—ns
1273 2420 1373 2484 super

246 2479 377 2565 dolium,
406 2495 437 2546 et
466 2484 594 2566 accepit
620 2474 655 2544 in
684 2480 920 2546 mantello··suo
935 2485 1073 2545 'c'r‘ucem
1096 2478 1176 2566 pro*
1178 2483 1369 2566 penitencia.

139 2564 290 2632 vasalli
320 2567 381 2630 iste
418 2567 544 2629 iuvenis
577 2565 798 2646 confitebatur,
833 2565 1015 2630 *inanifeste
1048 2563 1139 2628 illurn
1172 2565 1370 2630 Lolbardum

246 2648 408 2714 audivisse
435 2649 663 2729 confessiones,
694 2647 819 2714 scilicet
844 2651 894 2712 sui
922 2658 955 2712 et
975 2647 1111 2714 eliorum
1133 2649 1370 2714 Lolhardorum

246 2743 278 2796 et
306 2733 528 2818 Beguttarum.
572 2732 615 2796 Et
648 2741 763 2818 postea
789 2733 850 2795 iste
879 2733 1003 2796 iuvenis
1032 2735 1148 2798 iterum
1178 2735 1369 2816 malefecit,

267 2823 281 2878 t
302 2815 477 2899 dicebatur,
506 2815 593 2901 quod
619 2817 759 2880 iurasset
779 2837 877 2878 unam
898 2816 1045 2882 librans
1057 2826 1089 2882 et
1110 2840 1209 2882 unum
1232 2817 1368 2904 deppar-

244 2837 266 2878 u

216 2870 337 2962 biumw
343 2911 356 2946 ⁴
378 2899 481 2965 eidem
504 2901 658 2984 magistro
682 2900 824 2964 Henrico
842 2901 1080 3046 prenominato.

328 2985 424 3048 Anno
449 2993 486 3047 ut
513 3005 610 3068 supra
639 2985 740 3048 crevit
768 3005 841 3046 acer
865 3007 918 3048 um
947 2986 1059 3048 vinum
1082 2993 1114 3050 et
1133 2985 1307 3068 modicum,
1336 2997 1370 3052 et
1401 3057 1413 3070 ..
1434 3041 1447 3056 ‚.

243 3066 380 3130 nimium
402 3065 556 3147 solvebat,
579 3068 656 3154 quia
670 3077 755 3132 estas
769 3068 830 3134 fuit
850 3069 946 3132 nimis
961 3066 1110 3154 pluviosa
1131 3073 1218 3134 circa
1232 3069 1418 3151 Renum‚‘1
1444 3115 1448 3122 ‹

244 3159 277 3214 et
297 3147 444 3216 solvebat
464 3151 506 3216 24
526 3150 595 3216 flor.

130 3248 233 3296 male.
326 3233 409 3298 Item
419 3256 528 3298 -wno
555 3233 724 3334 prelibato,
753 3235 894 3300 secunda
921 3235 1002 3300 feria
1029 3246 1104 3322 post
1124 3236 1242 3302 festum
1264 3239 1366 3302 sancti

242 3366 265 3418 a)
287 3367 349 3408 lutra
364 3372 454 3410 sextam
470 3372 494 3410 et
509 3370 632 3418 septimam
647 3379 665 3411 e.
687 3367 856 3419 verteremus
874 3374 925 3418 poet
940 3369 969 3410 de
985 3379 1054 3410 mane
1069 3371 1142 3411 delevi.
1203 3369 1228 3422 b)
1243 3369 1332 3412 heresis
1346 3383 1368 3417 c.

242 3425 263 3477 c)
285 3426 314 3468 W.
332 3427 459 3476 suspicatur
473 3439 544 3468 unum
560 3428 653 3468 'librum
891 3435 893 3439 ’
1011 3429 1018 3442 “
1330 3430 1355 3459 v

244 3520 271 3584 1)
290 3519 324 3572 A.
337 3522 527 3573 1402—1404.
553 3523 633 3573 Pacis
647 3522 832 3588 conventiones
836 3525 934 3592 fafiffe
947 3530 1010 3574 sunt
1022 3526 1404 3592 lemeWQelssssilfiw
1416 3547 1423 3554 ·

242 3595 270 3659 2)
290 3593 434 3645 Bodmann
453 3595 482 3645 in
496 3595 617 3662 ‘Rbcinp
631 3593 751 3646 Aliost!
765 3612 795 3660 p.
810 3585 874 3658 8035,
886 3581 1105 3660 ‘edidimdii
1118 3598 1234 3648 libellum
1245 3599 1364 3648 nondum

240 3667 339 3718 editum
363 3668 404 3718 ‘de
424 3668 489 3719 bello
509 3668 622 3718 interd.
644 3669 792 3718 Iohannem
812 3668 928 3734 archiep.
948 3668 1019 3734 Moy.
1041 3678 1065 3720 et
1084 3670 1226 3736 tunderes.
1244 3671 1364 3722 Hassiae

237 3737 325 3806 ysato’,
346 3739 422 3790 euius
442 3749 574 3792 attererem
586 3740 965 3864 hwgsffltiurjgl·
985 3740 1057 3807 Moy.
1076 3741 1215 3806 vicarium,
1236 3745 1361 3818 appellat.
1382 3799 1398 3822 x

238 3811 274 3862 In
301 3811 387 3864 medio
414 3813 544 3878 relinquo,
573 3821 663 3863 utrum
686 3813 834 3878 Kunqatein
862 3831 897 3863 au
947 3813 1051 3865 eetetm·
1076 3831 1167 3866 umam
1194 3817 1287 3867 nebien
1312 3817 1363 3878 sia·
1403 3847 1409 3872 i
1501 3873 1509 3880 ‚

196 3883 393 3970 xBodmauni
411 3885 559 3937 testimonia
577 3886 610 3936 de
621 3886 746 3952 sontibus
765 3884 873 3937 ineditis
892 3887 995 3937 nullum
1006 3888 1090 3953 fidem
1109 3888 1205 3939 liabent
1225 3890 1272 3953 (cs.
1292 3907 1361 3955 quae
1408 3875 1413 3919 i

237 3957 270 4007 de
285 3973 317 4008 ea
334 3974 363 4010 re
378 3957 408 4008 im
422 3958 594 4024 praefatione
607 3960 644 4011 ud
656 3957 821 4012 ‘Stddteclir.'
832 3959 945 4020 XVIII,
961 3977 991 4025 p.
1003 3960 1084 4012 5-8.
1097 3961 1179 4025 dimi).
1199 3960 1359 4013 Persuasum
1377 3936 1413 4056 'J'

171 4054 201 4084 υ
237 4029 329 4094 liabeo,
349 4047 409 4082 eum
426 4031 548 4081 notitiam
566 4030 639 4082 illius
658 4030 739 4082 libelli
757 4032 937 4083 tantummodo
956 4049 989 4082 ear
1007 4032 1055 4084 boc
1073 4032 1158 4085 nostri
1173 4033 1289 4086 chronici
1305 4036 1361 4086 loco

236 4103 386 4167 sumpsisse.
461 4103 491 4162 3)
518 4103 558 4167 CJ.
577 4120 645 4168 quoe
666 4105 778 4155 Ioannis
797 4103 822 4168 I,
843 4123 875 4170 p,
890 4105 952 4156 724.
973 4123 1005 4156 ec·
1024 4112 1113 4157 nostro
1133 4107 1262 4172 chronico,
1289 4109 1360 4172 quod

237 4183 266 4225 ut
293 4176 415 4227 Miscella
442 4170 601 4241 Mogonti'na
629 4177 705 4241 citat,
733 4179 822 4242 refert.
904 4178 935 4241 4)
964 4177 1003 4244 Cf.
1033 4179 1164 4248 Ducanpe
1187 4180 1361 4244 (Hense-leel).-

235 4247 408 4313 dapbardum
426 4249 469 4300 nei
486 4249 662 4313 caphardam,
682 4250 775 4315 eapitis
795 4251 937 4317 teqementi
955 4253 1062 4316 species.

737 4451 797 4479 l1f

798 4519 802 4527 ,
