3090 4962
255 357 289 406 10
490 353 699 406 CHRONIOON
717 351 968 406 MOGUNTINUM.
1006 353 1038 404 A.
1061 353 1140 404 1³61.

252 522 400 589 noctibus
432 523 533 588 crevit
570 521 613 587 ad
648 519 897 668 quadrinplpntos
928 451 974 586 bb
1002 521 1088 584 viros
1125 521 1301 605 armigeros
1333 517 1376 584 de

252 606 437 688 baronibus,
459 605 612 671 militibus
633 607 731 670 armis
753 605 793 670 be
829 605 1067 704 olsinstructis.
1104 603 1176 684 Quo
1199 611 1376 688 comperto,

155 705 200 814 χ
253 693 415 840 principes
453 691 691 776 provinciarum
730 688 851 753 domim
888 685 1115 781 Memmius}
1154 687 1376 767 Treverensis,

283 774 466 855 olomensia,
495 774 563 837 dux
588 774 788 838 Bavarorum
813 781 846 837 et
871 771 928 837 alii
954 770 1062 858 plures
1089 772 1163 834 'cuin
1192 769 1376 836 civitatibus

252 858 437 945 potentibus
464 857 642 944 predictam
671 857 951 942 congregationem
980 855 1145 936 sedarunt,
1179 863 1211 920 et
1244 856 1290 918 sic
1322 852 1378 918 illa

252 943 393 1029 pessima
420 941 612 1008 machinatio
636 941 698 1005 fuit
726 939 846 1006 sedata.
889 940 981 1004 'lhrnc
1007 947 1214 1004 surrexerrmt
1233 938 1291 1004 filii
1318 938 1377 1001 ini-

275 1028 310 1091 ui
329 1027 363 1090 in
386 1075 393 1090 .
417 1075 425 1091 .
450 1033 478 1090 ἕ

253 1049 275 1114 q
337 1111 386 1175 Eo
408 1131 491 1174 anno
506 1107 603 1172 Kuno
621 1109 661 1174 de
675 1107 900 1172 Falckenstein
922 1107 1007 1194 oepit
1020 1104 1207 1192 Philippum
1221 1105 1262 1172 de
1276 1105 1377 1171 Ysen-
1407 1098 1411 1103 ’

252 1195 337 1280 burg
359 1216 432 1258 cum
454 1191 646 1280 quibusdam
668 1192 733 1255 suis
756 1191 901 1278 eomplie'
927 1213 965 1281 us
977 1203 999 1255 ¹.

336 1285 386 1349 Eo
405 1294 549 1372 tempore
569 1286 710 1350 maxime
730 1286 765 1356 vi
811 1283 866 1348 ‘tl
905 1269 924 1298 '⁵
944 1283 1103 1349 horribilis
1117 1279 1378 1370 Arinionejssita

253 1368 341 1456 quod
359 1367 543 1434 defecenmt
563 1369 701 1432 ministri
721 1392 743 1456 p
776 1370 837 1434 acii
857 1391 952 1467 pape,
975 1376 1007 1432 et
1027 1347 1210 1434 ceciderunt
1222 1360 1376 1430 homines

254 1454 372 1518 mortui
393 1475 435 1517 ex
455 1454 630 1540 improviso
652 1461 719 1517 tarn
741 1454 774 1516 in
788 1452 887 1534 lectis,
909 1475 943 1515 1n
960 1453 1079 1516 mensis
1095 1473 1192 1539 quam
1213 1451 1247 1513 in
1261 1450 1377 1514 viiset
1410 1435 1476 1542 s

96 1619 106 1626 ρ
256 1535 404 1619 ubilibet3
437 1545 469 1602 et
499 1537 617 1601 mortui
646 1545 720 1600 sunt
751 1537 859 1622 plures
887 1535 1000 1620 clerici,
1035 1544 1067 1602 et
1100 1544 1171 1600 octo
1200 1531 1376 1599 cardinales

85 1625 114 1692 ἶ..
172 1639 197 1680 s,
255 1620 441 1698 obierrmtg
700 1645 710 1652 ⁴
756 1639 757 1642 ’
882 1629 889 1636 “
992 1659 1001 1675 s

23 1761 34 1774 =·
156 1699 1378 1874 isdrdredssss

255 1859 377 1938 Rheni‘
387 1869 598 1938 inferioribus.
641 1871 725 1935 Nam
758 1870 889 1956 quidam
917 1869 1017 1954 miles,
1031 1871 1193 1957 'inorans
1210 1871 1243 1933 in
1272 1877 1376 1933 castro

256 1953 424 2040 quodam⁰‚
454 1955 591 2019 invitans
619 1977 729 2020 omnes
760 1955 894 2020 barones
922 1963 954 2018 et
979 1954 1102 2020 nobiles
1125 1975 1198 2018 cum
1218 1951 1376 2018 uxoribus

95 2061 132 2116 *f-
141 2065 177 2108 es
187 2063 245 2120 (se).
255 2046 287 2103 et
314 2037 441 2104 filiabus
467 2061 539 2103 eum
568 2031 849 2122 circumsedentes}
882 2038 998 2125 quibus
1026 2037 1173 2103 omnibus
1206 2039 1258 2101 *in
1290 2036 1376 2100 dicto

256 2129 359 2187 castro
387 2124 604 2207 congregatis,
632 2125 725 2186 iussit
750 2122 841 2188 miles
870 2131 1010 2187 castrum
1037 2121 1141 2188 claudi
1163 2129 1195 2188 et
1215 2121 1377 2186 neminem
1407 2183 1410 2188 .

254 2206 431 2289 intromitti,
455 2208 547 2292 quasi
569 2229 678 2272 omnes
700 2206 821 2273 ibidem
835 2205 967 2272 haberet
989 2228 1069 2292 quos
1083 2205 1219 2270 libenter
1232 2204 1375 2270 haberet.

255 2289 347 2353 Turn
379 2299 532 2377 ceperunt
563 2291 689 2356 invitati
721 2300 753 2356 et
785 2313 894 2355 omnes
932 2289 1053 2355 ibidem
1085 2289 1270 2388 congregati
1302 2309 1377 2351 curn

256 2395 381 2438 summa
408 2373 581 2440 ambitione
604 2375 731 2440 diversa
757 2373 867 2438 illicita
895 2373 1013 2458 gaudia
1035 2396 1108 2438 cum
1130 2395 1231 2438 core1s
1253 2381 1285 2437 et
1306 2369 1377 2436 aliis

254 2455 337 2520 ludis
364 2457 559 2522 multimodis
586 2479 750 2542 exercere;
777 2457 952 2544 habuitque
1002 2458 1141 2523 redictus
1169 2456 1259 2522 miles
1281 2478 1377 2541 capu-

255 2542 341 2604 cium
402 2540 510 2605 lenum
549 2537 687 2688 nobiliis³
723 2542 828 2606 aureis
867 2542 972 2627 depen
996 2543 1139 2624 entibus,
1177 2551 1209 2606 et
1248 2538 1377 2627 quando

255 2625 325 2710 ipse
353 2563 489 2689 saltabat
514 2616 627 2722 nobile·
666 2625 800 2690 ederunt
827 2627 975 2690 sonitum.
1021 2625 1136 2691 Statim
1157 2627 1259 2712 portis
1269 2625 1379 2712 ‚casui

255 2707 397 2794 undique
418 2710 530 2773 seratis
539 2709 563 2791 ἃ,
590 2701 809 2795 apparuerrmt
828 2709 863 2772 in
884 2709 989 2775 medio
1011 2704 1399 2818 convivaneiumssadole}

257 2800 379 2857 scentes
400 2793 528 2876 ignotis
547 2842 554 2858 .
571 2800 671 2857 n'cum
687 2815 750 2878 quo
765 2793 867 2858 factof
882 2815 991 2858 omnes
1005 2803 1170 2879 presentes
1186 2794 1377 2892 timuerunt}

257 2877 313 2961 qui
326 2877 523 2962 interrogati,
543 2875 651 2942 unde&
664 2878 818 2956 venirent,
840 2877 937 2940 nichil
950 2876 1192 2963 responderunt,
1211 2885 1243 2942 et
1256 2877 1378 2942 turbati

257 2967 331 3022 sunt
353 2981 461 3024 omnes
480 2961 695 3026 convivantes.
731 2961 898 3025 Predictus
919 2971 1027 3026 autem
1048 2960 1139 3026 miles
1160 2963 1294 3024 nimium
1315 2969 1378 3026 ter·

155 3095 161 3108 .,
255 3043 336 3107 ritus
355 3044 522 3109 ianitorem
543 3043 621 3109 dure
642 3046 835 3130 increpavit5
858 3046 913 3131 qui
926 3046 1101 3131 respondit,
1117 3045 1203 3130 quod
1216 3047 1378 3110 neminem

255 3127 492 3212 intromisisset3
503 3150 717 3227 ‘quocumque
735 3137 843 3193 autern
857 3129 1018 3278 predictus
1033 3128 1124 3192 miles
1140 3151 1174 3192 se
1189 3128 1377 3213 divertebat,

255 3203 372 3296 nobilex
392 3210 601 3276 clariss1mum
629 3235 742 3277 sonum
763 3212 861 3278 redde
885 3221 949 3299 ant,
976 3235 1018 3276 an
1039 3213 1216 3298 quiesceret
1245 3235 1287 3278 an
1307 3213 1377 3277 iret.

901 3302 921 3323 a

256 3419 280 3472 a)
297 3421 426 3464 Avlnier'ra
486 3421 511 3472 b)
526 3423 563 3465 stc.
580 3433 636 3462 corr.
652 3433 700 3462 cum
712 3422 771 3472 Wyse
783 3433 826 3471 pro
841 3423 892 3480 vitp
905 3421 964 3468 dieo,
1026 3419 1047 3472 c)
1063 3421 1178 3480 quoddam
1194 3433 1211 3461 c.
1272 3419 1295 3473 d)
1311 3426 1378 3475 porte

257 3483 328 3521 castri
343 3483 446 3531 undique
461 3491 525 3520 seras
540 3493 565 3533 a,
580 3493 638 3522 corr.
656 3481 687 3522 W.
734 3479 757 3533 sl
774 3472 945 3522 adolescentem
961 3481 1050 3530 dignati
1066 3491 1097 3530 e„·
1112 3481 1141 3530 cs.
1156 3481 1219 3531 infra
1234 3479 1308 3530 ignoti
1324 3481 1378 3522 ado·

257 3541 379 3581 loscentes.
445 3536 549 3619 Μειδία.
610 3538 633 3591 g)
650 3541 709 3580 vidit
723 3552 742 3582 c.
1024 3527 1051 3548 ‘s

259 3719 288 3784 1)
308 3718 347 3784 (ff.
372 3718 554 3770 humationem
574 3716 669 3770 Obsce.
688 3716 775 3768 Limb.
794 3734 815 3768 e.
831 3717 874 3781 56,
901 3719 1030 3784 quomodo
1050 3717 1123 3770 cono
1147 3719 1181 3770 de
1197 3717 1378 3784 Pallacontam,
1483 3753 1486 3758 -
1523 3745 1524 3748 ¹

257 3789 459 3844 administrator
483 3792 649 3859 episcopatus
673 3789 843 3854 Trevirems'a
869 3808 925 3842 mcc
950 3809 1009 3844 caan
1028 3791 1261 3860 Limbarpeasibus
1280 3807 1379 3844 aonam

256 3875 374 3918 castrum
393 3863 574 3918 ‘Orctenotcia'
592 3864 694 3916 domini
712 3865 745 3916 de
763 3863 895 3933 Iscabury
913 3864 1107 3933 coapapnaccrit
1124 3873 1153 3919 ct
1165 3867 1253 3934 ipsam
1272 3865 1378 3930 ceperit,

256 3957 305 3991 aec
323 3956 376 3990 non
396 3937 520 3990 eximiam
538 3938 741 4004 descriptionem
760 3935 875 3989 Uononis
895 3937 936 3990 bis
954 3939 1055 3992 verbis:
1082 3939 1138 3990 ‘der
1160 3945 1234 3992 stent
1251 3941 1283 3990 uf
1302 3941 1380 3990 sinen

238 4013 356 4083 ¹beinen
375 4013 415 4063 als
435 4014 479 4063 ein
496 4013 570 4062 lewe’
589 4017 634 4063 etc.
711 4010 739 4078 2)
759 4009 821 4061 Vita
835 4011 877 4064 II.
897 4011 988 4065 Ianos.
1005 4012 1052 4066 VI.
1070 4029 1098 4078 p.
1112 4013 1180 4062 355:
1199 4011 1240 4064 Eo
1259 4019 1380 4078 tempore

180 4086 206 4145 ,Ἀ
235 4087 286 4153 jin
305 4090 408 4137 aestate
426 4086 573 4136 mortalitas
598 4086 728 4150 reincepit
751 4085 780 4134 in
803 4085 943 4151 Aviniono,
966 4087 1005 4137 ita
1030 4086 1101 4153 quod
1120 4123 1128 4138 .
1148 4125 1155 4138 .
1175 4123 1182 4138 .
1207 4092 1267 4138 octo
1288 4085 1380 4137 (lardi-

171 4150 199 4178 ¹‘
234 4159 333 4209 *noles
356 4161 454 4210 mortui
472 4164 534 4210 sunt
552 4165 579 4210 ct
601 4159 716 4224 populus
740 4158 949 4210 innumerabilis.
1024 4160 1053 4224 3)
1077 4159 1191 4212 Nobiles
1204 4179 1240 4204 =
1255 4155 1380 4219 Nostia

257 4231 352 4295 nobile,
377 4249 441 4284 raro
460 4231 581 4294 nebulus,
598 4247 683 4296 penus
701 4239 819 4283 monetae
838 4247 936 4284 ostreae
954 4229 1103 4299 Aaplicum,
1133 4233 1167 4298 qs.
1186 4231 1379 4298 infrafi139.

257 4305 417 4356 florenorum
436 4321 487 4372 que
507 4305 629 4356 dicuntur
646 4305 800 4356 theutonice
819 4301 934 4356 ‘nubilat
