3076 4964
259 339 292 390 78
496 337 704 388 OHBONICON
722 337 973 388 MOGUNTINUM.
1011 337 1043 388 A.
1065 336 1144 388 1400.

258 503 439 592 epiphanie,
461 502 611 568 videlicet
635 506 682 569 11.
705 504 758 568 die
780 503 900 568 mensis
921 503 1064 567 Ianuarii
1072 515 1093 587 ¹,
1116 500 1243 568 civibus
1265 504 1387 568 Herbi·

252 589 463 676 potamicus·
490 609 553 651 non
581 587 774 653 habentibus
801 587 887 662 unde
908 588 1069 670 viverent,
1096 597 1191 652 extra
1218 587 1383 652 civitatem

150 692 186 745 ν.
197 697 249 741 ιιι,
259 695 293 738 se
316 695 392 738 cum
406 673 557 737 centumb
572 683 605 738 et
619 672 660 737 23
682 670 796 736 *bonis
810 673 985 736 armatisM
1007 670 1221 754 contulerunt,
1236 671 1384 736 volentes

259 758 382 822 victum
403 765 577 842 reportare.
622 759 695 838 Quo
711 765 886 840 comperto,
908 777 926 820 e
951 756 1081 842 iscopus
1103 777 1215 821 omnes
1237 773 1318 841 quos
1340 754 1383 819 de

257 841 496 926 predictorumd
509 839 712 955 dominopum
724 839 914 906 satellitibus
925 777 1043 905 debere
1051 850 1188 926 poteret,
1200 861 1336 926 quorum
1347 839 1382 902 in

257 947 392 990 numero
417 925 548 989 fuerunt
574 925 637 989 250
657 923 767 990 lancee
789 933 822 990 et
842 945 907 988 non
929 923 1079 1010 amplius,
1109 925 1321 1008 congregavit
1342 945 1382 988 ac

258 1031 333 1074 cum
362 1009 624 1073 eisdemtcontra
644 1009 793 1072 inimicos
823 1006 942 1073 bellum
970 1009 1140 1090 commisit,
1165 1009 1200 1072 in
1222 1030 1285 1094 quo
1307 1005 1382 1094 plus

199 1161 202 1165 ,
258 1114 355 1180 quam
377 1091 463 1156 mille
484 1093 546 1156 viri
567 1092 683 1156 armati
698 1091 894 1178 etamplius,
916 1101 952 1157 ut
968 1092 1066 1156 audio
1081 1092 1157 1174 dici,
1169 1092 1334 1177 fueruate
1350 1101 1384 1156 et

257 1179 374 1262 viginti
389 1186 462 1242 octo
477 1176 576 1242 occisi
591 1185 676 1244 sunt.
710 1176 754 1241 Et
775 1177 809 1240 in
824 1175 938 1241 eodem
956 1177 1038 1242 1200
1052 1177 1113 1241 viri
1129 1178 1246 1240 armati
1261 1175 1383 1258 captivi

258 1261 389 1326 deducti
411 1268 486 1324 sunt
512 1259 713 1344 etamplius,
744 1261 840 1325 credo
871 1261 973 1324 circar
1003 1261 1226 1347 quadraginta.
1269 1259 1313 1324 Et
1335 1261 1382 1324 sic

254 1344 409 1409 ‘dominus
430 1342 674 1429 Herbipolensis
703 1342 838 1410 ulterius
866 1365 940 1410 cum
962 1367 1062 1408 manu
1082 1343 1190 1409 valida
1211 1354 1285 1408 ente
1308 1344 1383 1408 civi-

256 1439 356 1494 tatem
372 1427 576 1513 Herbipolim
589 1429 762 1514 processit3
784 1427 863 1493 ubis
885 1450 995 1492 omnes
1018 1430 1074 1515 qui
1096 1438 1319 1496 remanserunt
1340 1426 1383 1492 ad

284 1514 404 1577 raciem
427 1512 550 1576 domini
571 1534 606 1576 se
628 1511 775 1578 celeriter
795 1512 919 1600 absque
939 1513 1193 1578 contradictione
1216 1512 1383 1577 dederunt.

259 1535 302 1661 llo
329 1599 376 1660 sic
403 1596 495 1660 Deus
517 1597 719 1682 omnipotens
741 1598 911 1661 victoriam
943 1598 1010 1661 suis
1039 1597 1176 1662 servulis
1198 1597 1332 1661 tradidit
1352 1605 1384 1659 et

197 1724 206 1764 f
259 1681 427 1746 innumera
453 1678 539 1745 mala
565 1703 628 1766 que
655 1681 788 1780 pessimi
808 1679 857 1744 illi
876 1681 1021 1745 fecerunt
1039 1681 1199 1746 vindicari
1220 1681 1385 1766 permisit3

259 1768 430 1828 nonenim
452 1765 487 1828 in
508 1764 712 1830 multitudme
758 1764 846 1851 epuli
868 1765 1004 1829 victoria
1024 1776 1082 1848 est,
1105 1765 1162 1830 sed
1184 1765 1224 1829 de
1247 1764 1325 1844 celo,
1347 1774 1386 1828 ut

260 1858 350 1934 patet
364 1848 404 1913 de
415 1849 499 1912 Iuda
509 1848 697 1918 Machabeo.
732 1787 919 1914 decundum
934 1847 1021 1914 istud
1037 1849 1187 1914 omnibus
1198 1847 1386 1914 civitatibus

261 1934 303 1997 sit
323 1931 505 2017 exemplar3
528 1931 609 1996 dicit
630 1933 714 1996 enim
739 1934 895 1998 metriste:

345 2016 439 2080 Felice
459 2038 553 2100 quem
565 2016 706 2102 facient
728 2017 840 2082 aliena
857 2017 1013 2103 pericula
1035 2017 1190 2082 cautum!

346 2098 418 2162 Heo
429 2101 549 2185 scripta
557 2100 664 2185 quoad
672 2100 874 2186 Herbipolim
887 2101 1051 2166 civitatem
1059 2100 1385 2185 sufficiantpronunc.

344 2183 439 2248 Nunc
453 2205 531 2255 nero
553 2183 596 2248 ad
611 2206 731 2266 annum
750 2195 940 2270 protectum,
962 2185 1023 2248 hoc
1044 2195 1094 2250 est
1115 2184 1157 2250 ed
1172 2183 1385 2248 centesimum

38 2332 42 2340 ,
261 2289 320 2332 seu
346 2262 439 2350 140οξ
456 2261 595 2355 paucula
617 2261 844 2335 err'multrffin
867 2269 980 2334 eodem
1001 2289 1085 2332 anno
1107 2268 1192 2333 facte
1212 2266 1384 2332 scribendo

36 2375 125 2506 β
167 2351 446 2436 ιαπ.ε,,τθ(1,ἰ)ονὶιηι,ιε.
490 2352 574 2416 Nam
596 2351 844 2418 circafefc'stfum
866 2361 1068 2438 pentecostes
1095 2353 1128 2416 in
1151 2350 1387 2417 Franckfordie
1450 2364 1457 2371 “
1485 2418 1495 2428 x

39 2441 58 2468 κ’
90 2453 91 2456 “
160 2449 167 2456 ·
303 2437 310 2451 ’
356 2437 363 2451 ³

261 2457 425 2522 principes
447 2448 479 2501 et
501 2439 584 2500 sacri
598 2437 727 2522 imperii
741 2437 895 2502 electores
916 2458 981 2500 una
997 2459 1070 2501 cum
1091 2433 1204 2502 multis
1215 2435 1386 2501 Alamanie

260 2520 471 2606 principibus,
487 2520 634 2603 ducibus,
651 2523 833 2604 comitibus,
851 2521 1026 2586 baronibus
1041 2542 1138 2606 super
1155 2520 1323 2588 cuiusdam
1338 2520 1384 2584 rei

261 2617 378 2689 expost
409 2606 560 2690 peracteh
593 2604 755 2670 decisione
788 2617 997 2670 convenere³.
1050 2605 1138 2670 Inter
1168 2627 1249 2691 quos
1282 2605 1385 2669 eciam
1448 2635 1451 2640 ·

260 2687 471 2774 plurimorum
499 2711 614 2788 regum
642 2687 814 2754 ambasiati
838 2690 976 2770 fuerunt,
1006 2689 1157 2755 videlicet
1176 2690 1264 2775 regis
1286 2689 1385 2753 Fran-

261 2794 382 2856 corum,
412 2772 579 2858 Hispeme,
608 2772 791 2856 Navarrie¹‚
819 2773 1004 2859 Portugalie
1031 2784 1103 2855 etc,
1132 2775 1188 2859 qui
1209 2795 1320 2837 omnes
1342 2793 1385 2836 ex

260 2865 353 2942 parte
380 2856 584 2922 dominorum
612 2879 743 2921 suorum
773 2879 940 2922 assensum
966 2857 1170 2943 principibus
1191 2853 1384 2923 electoribus

144 2939 431 3014 ·s.1w.Alamanie
459 2940 589 3026 plenum
612 2941 796 3008 *dederunt
839 2941 879 3006 In
907 2941 1019 3006 eedem
1047 2963 1122 3006 vero
1150 2943 1383 3006 convocatione

261 3023 492 3090 ordinaverunt
513 3027 677 3112 principes
702 3017 898 3108 electores&
910 3026 1095 3090 citationem
1112 3027 1188 3090 fieri
1202 3035 1385 3126 perempto·

260 3109 342 3172 riam
365 3118 476 3173 contm
496 3132 531 3174 re
554 3131 605 3174 em
627 3109 782 3174 Bohemie
804 3119 836 3175 et
857 3111 1086 3192 Romanorum,
1113 3109 1265 3176 videlicet
1285 3111 1384 3176 Wen·

259 3191 420 3278 triplam,
437 3133 600 3278 quondam
611 3193 712 3258 filium
724 3193 835 3259 Karoli
848 3195 1062 3280 imperatoris,
1076 3193 1118 3259 ad
1129 3193 1383 3280 comparendum

145 3297 248 3348 roomo.
259 3277 294 3340 in
322 3276 404 3341 festo
434 3279 537 3342 sancti
557 3277 728 3343 Eaurencii
754 3278 894 3342 martiris
921 3279 954 3342 in
982 3277 1080 3364 opido
1107 3278 1279 3362 Lonstein,
1309 3273 1383 3342 cum

260 3361 490 3447 protestatione
517 3360 583 3443 tali,
612 3363 640 3426 si
666 3384 731 3426 non
753 3372 963 3448 compareret,
992 3362 1221 3427 nichilominus
1242 3365 1276 3426 in
1297 3361 1382 3427 facto

262 3465 321 3508 suo
336 3453 368 3508 et
383 3455 539 3530 concepto
555 3445 733 3532 procedere
747 3445 894 3512 vellent⁴.
938 3447 1042 3528 Quem
1057 3449 1206 3512 nuntium
1223 3496 1230 3512 .
1251 3448 1383 3532 ,l‘aqua

384 3533 404 3555 ,..
447 3533 469 3563 -.,

261 3587 284 3640 a)
300 3541 511 3640 manu'‘·'⁴nql's{ippr.
527 3601 545 3632 c.
597 3588 621 3642 b)
638 3592 745 3659 cent'pgsc.
791 3590 813 3642 c)
826 3597 877 3641 post
893 3593 988 3638 armatis
1004 3579 1115 3642 reperirem
1130 3603 1155 3634 se
1170 3592 1243 3634 delevi.
1290 3592 1313 3643 d)
1330 3603 1358 3642 pr
1373 3613 1382 3622 ·

261 3647 328 3688 dictis
343 3659 360 3686 c.
423 3646 446 3698 e)
462 3649 518 3703 decet
533 3661 551 3688 r.
597 3647 690 3701 octra
705 3662 722 3689 c.
784 3649 840 3700 ως
881 3662 898 3690 c.
958 3641 984 3704 b)
1001 3655 1096 3701 peracto
1111 3662 1129 3693 c.
1190 3650 1208 3704 i)
1224 3651 1349 3692 Ncmarrie

196 3778 200 3785 .
260 3705 285 3757 kl
299 3707 463 3785 ¹slect'epnsppc.
516 3707 539 3792 l)
556 3703 731 3766 flumclml'dffi
746 3721 764 3751 c.
780 3720 887 3759 compa.
1286 3709 1307 3732 *¹

262 3800 290 3864 1)
320 3801 419 3853 mecrt
433 3800 550 3870 Stromer
573 3821 600 3869 p.
622 3803 664 3855 58.
690 3756 769 3855 diebus
779 3821 890 3870 pupnce
908 3805 935 3855 4.
955 3805 1018 3857 lau.
1038 3805 1109 3856 1400
1134 3806 1244 3868 indicat,
1270 3819 1382 3870 quocum

265 3873 362 3941 Wepele
376 3892 407 3940 p.
421 3876 464 3926 33.
478 3877 612 3928 relucescit.
642 3876 696 3928 Sed
711 3877 743 3929 L.
755 3876 847 3929 Friesa
861 3879 877 3930 l.
892 3877 909 3928 Ζ.
926 3879 968 3930 11.
982 3877 1044 3929 Iao.
1058 3879 1202 3945 confirmat.
1277 3878 1307 3944 2)
1326 3877 1344 3931 i.
1358 3893 1380 3930 e.

261 3945 417 3998 ancillulis
430 3948 485 4000 sice
498 3949 688 4015 stipendicrdie,
709 3966 773 4015 pecs
792 3950 822 4002 U.
835 3949 952 4003 Stromer
970 3951 1029 4003 illos
1048 3953 1080 4004 cle
1092 3952 1234 4003 Bcclrcna'a
1247 3951 1382 4003 nominate

260 4021 322 4072 Und
340 4021 420 4072 beten
438 4021 482 4072 bei
500 4024 529 4072 in
548 4023 594 4074 der
612 4023 734 4080 Puchner
752 4025 815 4074 riter
832 4025 889 4074 und
908 4025 1008 4075 knecht
1025 4041 1082 4076 mer
1100 4027 1189 4077 danne
1211 4026 1262 4076 100
1278 4021 1380 4093 spiden.

265 4093 358 4146 Totum
383 4095 525 4146 exercitum
550 4095 622 4146 3000
647 4095 765 4147 virorum
780 4095 873 4162 fuisse
900 4107 923 4149 et
948 4115 1003 4149 noo
1028 4097 1142 4164 emplius
1166 4098 1220 4148 400
1239 4113 1313 4149 serres
1333 4103 1381 4148 aut

175 4201 177 4206 -
260 4165 357 4218 debiles
377 4167 448 4219 domi
466 4167 604 4233 memisse,
627 4167 659 4220 L.
678 4167 770 4220 Iri-iem
789 4167 891 4222 asserit.
967 4171 995 4236 3)
1016 4169 1163 4224 Conventus
1183 4169 1338 4237 princepum
1357 4178 1381 4220 et

260 4239 396 4304 civitatem
413 4239 588 4308 Frcocqfurto'
606 4259 641 4292 m·
661 4240 735 4292 Maio
754 4250 778 4294 et
796 4241 877 4294 Iccio
893 4242 973 4294 1400.
1006 4241 1167 4296 ί1).Ιῐ.14.’
1197 4243 1256 4306 III,
1272 4260 1302 4309 p.
1318 4239 1379 4295 169.

260 4313 290 4378 4)
316 4312 434 4365 Litterae
459 4323 574 4380 quatuor
594 4313 749 4381 principum
774 4315 913 4367 electorum
937 4316 1117 4368 Rheneosium
1143 4317 1180 4368 cd
1204 4313 1381 4368 Weuceoleum

261 4386 342 4438 datae
361 4387 394 4438 de
413 4403 438 4438 a.
454 4387 533 4451 1400,
552 4387 616 4440 Iena.
636 4389 662 4439 4.
681 4387 863 4454 Francofurte'.
902 4389 947 4443 ‘D.
968 4389 1001 4440 B.
1020 4388 1061 4444 A.’
1080 4389 1139 4456 III,
1154 4389 1263 4457 p.194.
