3076 4964
373 355 581 410 CHRONIOON
599 356 850 410 MOGUNTINUM.
888 358 920 410 A.
943 357 1022 411 1389.
1221 359 1256 410 63

219 525 301 589 Item
326 524 413 590 idem
440 545 500 589 rex
520 524 656 589 Francia
683 525 717 588 in
736 525 886 609 Augusto
914 523 1086 590 celebravit
1106 547 1256 610 magnam

133 607 375 674 *solennitatem
402 629 475 672 oum
503 606 612 672 multis
660 608 838 694 rincipibus
866 616 899 672 et
919 607 1079 674 nobilibus
1100 617 1256 674 terrarum
1266 631 1297 687 *a
1307 639 1356 679 1³4.

134 692 372 758 chistianitatis
394 702 426 756 et
446 691 540 755 duxit
561 689 602 756 ad
643 713 752 755 omum
774 713 865 756 suam
878 713 1014 758 uxorem
1036 715 1136 777 suam,
1158 692 1257 759 filiam

137 775 292 862 Stephani
313 775 403 840 ducis
424 775 594 840 Bavarie1.

218 877 257 940 In
274 876 388 944 diebus
405 875 467 941 illis
485 878 520 940 in
535 898 650 964 [asnje
665 875 847 974 SQfflbl'i
858 876 1058 962 deprehensa
1074 886 1123 942 cst
1136 878 1257 944 heresis

134 961 277 1025 maxima
311 951 460 1025 cennas*
476 959 574 1025 fidem
608 947 854 1044 massonam?
869 983 931 1046 que
963 961 1076 1026 habuit
1111 962 1150 1026 18
1185 963 1259 1027 arti·

134 1043 221 1108 culos
243 1045 371 1109 omnino
394 1053 504 1109 contra
517 1043 614 1108 fidem
630 1042 816 1108 catholicam
836 1040 1003 1190 latr-affieri}
1021 1053 1053 1109 et
1074 1045 1108 1107 in
1129 1047 1257 1110 civitate

11 1159 29 1195 a
133 1127 190 1192 Ma
257 1122 392 1212 tinehsil
399 1129 645 1226 cirumquaque
674 1126 766 1190 multi
791 1136 882 1192 erant
911 1128 917 1142 '
955 1129 1016 1192 ecti
1039 1127 1097 1192 tali
1120 1128 1257 1194 heresi*.

133 1150 326 1277 Hahliblumt
346 1212 379 1274 in
392 1212 564 1296 Maguncra
578 1211 743 1296 propriam
759 1210 889 1275 domum
904 1210 1023 1276 dictam
1038 1210 1116 1298 Spie
1139 1212 1258 1297 elberg,

135 1296 169 1358 in
196 1317 260 1380 qua
287 1294 450 1360 habebant
478 1293 697 1359 conventicula
723 1316 790 1358 sua.
832 1294 921 1359 luter
941 1303 1047 1362 cetera
1131 1319 1152 1360 a
1171 1319 1258 1361 men-

135 1378 309 1461 ciebantur,
353 1377 420 1442 uod
440 1377 545 1442 nullus
558 1378 820 1463 presbyterorum
834 1387 945 1463 posset
965 1379 1120 1444 conficere
1141 1401 1258 1466 corpus

136 1460 265 1544 Christi,
294 1401 354 1527 sel
378 1461 481 1526 solum
509 1462 671 1547 coniugati
697 1461 758 1525 viri
785 1462 820 1524 in
848 1470 934 1526 secta
961 1461 1105 1560 ipsorum
1125 1473 1258 1549 possent

11 1543 12 1546 ’
135 1546 196 1609 hoc
220 1545 334 1611 facere.
385 1546 467 1610 Item
488 1545 702 1632 prohibebant
728 1545 791 1608 dici
811 1544 883 1609 Ave
904 1545 1007 1611 Maria
1034 1554 1066 1610 et
1087 1547 1258 1612 simbolum

135 1628 351 1714 apostolorum
366 1639 398 1693 et
410 1629 511 1694 multa
525 1627 588 1694 alia
601 1628 762 1714 figmenta,
778 1650 840 1713 que
853 1627 1085 1718 longumesset
1097 1632 1226 1716 namara
1234 1642 1257 1696 ¹.

135 1713 173 1778 In
189 1714 326 1778 crastino
341 1709 662 1795 Clemenffiuudioati
676 1721 751 1776 sunt
758 1713 789 1747 **
811 1734 870 1798 per
940 1711 1108 1778 uisitoren‘n'
1120 1713 1321 1786 hereticam.
1330 1741 1365 1783 aa.

134 1797 303 1946 gravitatis
332 1805 364 1862 et
384 1795 508 1862 multos
531 1795 610 1861 ahos
631 1797 802 1881 magistros
824 1804 857 1860 et
877 1819 910 1860 m
943 1806 993 1862 tos
1014 1799 1136 1884 peritos
1160 1793 1362 1864 Sacro*

160 1881 309 1966 criptura,
331 1890 363 1945 et
376 1881 526 1967 imposito
548 1888 622 1944 sunt
643 1881 689 1944 eis
710 1899 820 1944 cruces
835 1879 939 1964 glauci
959 1880 1073 1946 coloris
1095 1891 1128 1947 et
1149 1891 1257 1948 assute

133 1965 168 2028 in
188 1964 339 2046 humeris,
362 1966 462 2052 quasb
484 1962 680 2050 permultos
702 1963 770 2028 dies
792 1971 920 2049 portare
941 1965 1021 2029 iussi
1042 1974 1130 2050 sunt3
1152 1976 1257 2031 tumu-

133 2047 190 2113 lati
216 2070 292 2112 vcro
323 2056 355 2112 et
382 2048 522 2112 defuncti
543 2047 709 2111 exhumati
734 2056 819 2111 sunt.
861 2048 938 2111 Fuit
956 2071 1109 2114 numerus
1130 2049 1257 2116 illorum

133 2133 168 2195 in
193 2131 365 2216 Maguncia
414 2133 449 2194 ui
475 2139 696 2195 remanserunt
722 2138 754 2195 et
774 2131 987 2215 penitenciam
1014 2143 1258 2232 assumpserimt

138 2217 187 2297 18,
216 2216 358 2300 exceptis
435 2237 450 2278 s
478 2215 533 2300 qui
553 2215 664 2299 fugam
686 2213 852 2297 dedenmt,
882 2236 1018 2300 quorum
1039 2216 1132 2280 mult1
1153 2217 1257 2282 adhuc

132 2298 242 2364 latent.
625 2303 627 2307 ’
890 2305 987 2336 “⁸-
1024 2319 1131 2340 ·-··
1174 2311 1260 2332 ”““
1279 2325 1306 2343 ·

51 2485 54 2492 ¹
104 2377 396 2465 ‘'Tu-‹libbus
422 2398 484 2463 illis
512 2408 669 2464 venerunt
695 2421 790 2482 nova,
817 2397 904 2484 quod
931 2397 1045 2465 fratres
1074 2400 1193 2465 ordinis
1216 2401 1256 2468 de

12 2548 32 2572 ἵ,
135 2483 310 2571 Sepulchra
324 2484 459 2548 Domini
472 2505 581 2568 regem
595 2482 715 2549 Arabio
729 2505 802 2547 cum
817 2481 937 2548 auxilio
951 2485 1056 2568 gentis
1071 2484 1257 2551 cuiusdam⁰

13 2566 19 2598 ⁷
133 2569 221 2634 Ruffi
247 2567 341 2633 Iudei
370 2570 426 2653 qui
454 2575 528 2631 sunt
560 2588 671 2631 eorum
698 2615 705 2630 .
736 2615 743 2630 .
777 2564 971 2631 debellatas.
1001 2567 1034 2631 ‚l
1072 2576 1104 2632 et
1139 2569 1256 2634 multas

134 2650 463 2802 &Vilffiwoopida
490 2651 706 2737 acquisierunt
732 2649 773 2714 de
794 2649 925 2734 Arabia,
952 2650 1126 2716 interfectis
1149 2652 1257 2718 multis

13 2841 14 2844 ’
219 2839 318 2903 *Item
339 2839 374 2902 in
394 2831 456 2901 illis
478 2835 591 2902 diebus
618 2845 687 2901 erat
707 2837 823 2900 iterum
843 2819 1039 2923 pestileffiiff
1050 2835 1204 2924 epidimia
1223 2839 1257 2902 in
1273 2864 1377 2918 *matt

159 2921 282 2987 artibus
296 2921 409 3004 Rheni,
431 2922 572 2986 maxime
592 2921 626 2983 in
640 2919 779 3005 Pinguia
799 2928 832 2983 et
851 2918 998 3005 partibus
1013 2920 1203 2984 circumsitis
1225 2931 1257 2987 et

104 3083 108 3090 Ι
135 2945 326 3091 lingaurio,
353 3013 385 3070 et
411 3006 552 3070 maxime
577 3004 750 3069 infestabat
777 3003 975 3069 iuventutem
997 3012 1029 3068 et
1049 3003 1196 3088 infantes,
1225 3015 1258 3071 et

135 3099 204 3156 erat
224 3089 296 3154 talis
317 3088 505 3176 pestilencia
525 3089 559 3152 in
579 3087 784 3152 F‘ranckonia
804 3096 837 3152 et
857 3086 965 3151 multis
986 3087 1056 3152 aliis
1077 3089 1182 3154 terris.

219 3190 313 3256 Circa
335 3190 488 3255 Omnium
511 3190 702 3256 Sanctorum
727 3191 850 3254 instetit
874 3189 1010 3277 hyemps
1039 3211 1113 3254 oum
1140 3213 1322 3276 magnares.
1336 3223 1356 3263 1.

13 3301 14 3354 ἢ
134 3275 316 3357 acerbitate,
330 3274 459 3338 nivibus
475 3283 506 3338 et
520 3273 632 3358 glacie,
656 3274 757 3339 eciam
771 3275 935 3361 inopinate
950 3273 1068 3338 durans
1083 3273 1126 3338 ad
1140 3274 1257 3338 festum

133 3359 310 3424 nativitatis
332 3356 460 3421 Christi.

233 3547 261 3612 *)
280 3544 316 3596 Ia
340 3545 460 3612 maryiae
489 3562 573 3596 mana
594 3544 621 3596 B
647 3543 802 3607 (Laurentii
829 3543 983 3609 Trachacss)
1016 3545 1173 3599 mactatam
1204 3556 1257 3601 eet:

281 3619 436 3684 Lutherani,
457 3625 480 3670 at
498 3618 589 3684 infra:
610 3617 690 3670 1522.
709 3619 816 3670 morbus
835 3619 956 3670 invaluit.

218 3693 261 3761 aa)
281 3693 316 3746 Ia
334 3693 455 3761 marytres
474 3692 565 3744 eadam
583 3707 681 3742 mana:
699 3691 816 3742 Vertitur
835 3692 905 3743 orbis
923 3691 987 3742 iter:
1007 3708 1023 3744 o
1042 3693 1145 3744 utinam
1157 3693 1256 3746 Luthe-

281 3763 460 3818 ranis‘simile
479 3765 609 3817 eveniret!
648 3763 687 3832 Cf.
702 3765 899 3830 praefationem
917 3771 1044 3817 nostram.

14 3981 15 3992 ,
135 3946 158 4001 a)
180 3951 253 3990 totam
267 3959 287 3988 c.
347 3945 371 4000 b)
393 3958 484 3998 quasa
545 3944 567 3998 c)
584 3947 683 4030 wilm
698 3957 715 3988 a.
777 3942 801 3997 d)
821 3945 939 3988 debellata
951 3947 1055 4000 armarit
1068 3957 1094 3996 a,
1104 3947 1190 3995 saraca
1205 3957 1256 3998 per·

135 3989 273 4050 domuel‘um
292 4005 322 4046 W.
430 3989 459 4040 l*

14 4135 16 4138 Ι
136 4165 164 4234 1)
184 4164 324 4220 Coronatio
343 4165 476 4218 Irabcllaa
494 4164 603 4233 reginae
621 4164 651 4216 ia
669 4163 779 4216 archaia
797 4162 826 4216 S.
845 4163 973 4232 Dionysii
992 4183 1016 4216 a.
1033 4165 1113 4228 1389,
1128 4162 1197 4232 Aay.
1211 4164 1255 4218 22.

14 4285 16 4288 .
134 4240 266 4292 celsima
290 4246 336 4292 ert.
412 4238 441 4305 2)
467 4238 541 4292 Alios
566 4237 692 4292 articulos
716 4237 909 4292 haereticoram
932 4237 1149 4306 Mogentiana-am
1172 4238 1256 4292 tradit

14 4345 18 4416 ·r
134 4312 230 4365 Ohrcn.
249 4311 335 4364 Limb.
354 4330 376 4366 c.
393 4313 455 4364 149.
