3088 4962
281 415 314 465 68
511 412 721 464 CHRONIOON
738 411 990 464 MOGUNTINUM.
1028 411 1059 461 A.
1083 409 1161 460 1387.

279 582 436 646 florenum
463 587 495 644 et
522 580 644 664 recepit
671 581 747 644 vina
773 580 808 642 in
836 579 922 643 vasis
950 579 1015 641 suis
1042 578 1182 663 propriis
1211 585 1243 642 et
1264 577 1403 644 abduxit

279 687 381 752 nsque
403 663 445 728 ad
465 665 597 748 triginta
617 661 761 748 plaustra
781 663 857 726 vini.

308 758 310 764 ’
363 748 403 811 In
428 747 540 812 diebus
568 745 629 810 iliis
658 747 804 810 detentus
833 753 865 810 et
891 754 1004 830 captus
1033 746 1067 808 in
1095 744 1241 810 Treiecto
1269 743 1402 831 quidam

279 831 505 979 plrevarieator,
528 831 583 916 qni
605 829 645 893 de
668 830 777 894 ordine
793 828 957 894 dicebatur
977 828 1401 896 esseMinorumfratnrm1.

313 917 343 978 ic
363 913 443 978 falso
465 915 633 998 usurpavit
655 913 716 977 sibi
730 912 857 976 titulum
869 915 1012 998 episcopi
1027 911 1172 994 titularis,
1195 921 1227 976 et
1241 913 1403 978 scribebat

280 1023 314 1064 se
328 997 503 1063 Iacobuma
519 998 707 1084 episcopum
721 997 974 1076 Lavacensem23
990 997 1046 1082 qni
1061 995 1220 1060 ordinavit
1234 995 1276 1061 ad
1291 1017 1401 1064 omnes

279 1083 422 1147 diversos
438 1081 564 1145 ordines
579 1081 718 1145 minores
741 1089 773 1144 et
787 1081 922 1145 maiores
937 1077 1009 1165 plus
1024 1101 1121 1180 quam
1135 1081 1198 1142 tria
1212 1079 1300 1144 milia
1314 1079 1401 1146 cleri-

279 1187 402 1248 corum3
426 1165 624 1229 consecravit
643 1163 695 1228 vel
716 1166 828 1249 pocius
843 1163 1079 1249 prophanautb
1101 1161 1218 1226 mrdtas
1240 1163 1399 1248 ecclesias,
1505 1187 1529 1211 ψ

279 1247 426 1334 capellas,
443 1247 555 1312 altaria
569 1256 601 1311 et
611 1257 799 1312 ornamenta
810 1247 1032 1328 ecclesiastica,
1048 1255 1080 1310 et
1093 1245 1223 1310 tandem
1238 1257 1403 1333 comperta

278 1334 423 1413 veritate,
445 1329 566 1394 unitam
584 1329 698 1395 habuit
712 1331 992 1411 consecrationem,
1016 1329 1073 1394 sed
1093 1353 1153 1415 per
1173 1329 1270 1396 falsas
1291 1331 1401 1396 literas

277 1415 406 1480 titulum
428 1415 556 1479 sortitus
578 1424 627 1480 est
641 1413 869 1500 episcopalem3
890 1413 976 1478 unde
997 1435 1107 1478 omnes
1129 1413 1189 1479 sub
1211 1413 1403 1480 coordinati

279 1521 300 1563 a
321 1499 478 1584 susceptis
505 1497 546 1563 ab
574 1519 611 1562 eo
633 1497 798 1564 ordinibus
825 1499 982 1584 suspensi,
1012 1497 1114 1562 donec
1141 1497 1181 1562 de
1206 1519 1290 1564 novo
1319 1499 1402 1564 ordi-

278 1583 347 1649 nati
368 1591 451 1646 sunt.

363 1667 458 1730 Anno
472 1665 606 1730 Domini
623 1663 791 1730 millesimo
805 1666 1019 1730 tricentesimo
1035 1665 1087 1729 87.
1109 1665 1143 1728 in
1163 1672 1264 1730 estate
1285 1667 1402 1731 iterum

279 1748 414 1814 Adolfus
430 1749 688 1835 archiepiscopus
703 1770 776 1812 eum
791 1749 1027 1814 marchionibus
1041 1748 1259 1814 Misnenaibus
1274 1759 1306 1814 et
1320 1750 1401 1816 duce

280 1833 420 1898 Saxonis
452 1835 584 1897 intravit
615 1841 733 1897 terram
765 1833 898 1916 Hassis,
930 1834 1007 1918 quia
1038 1831 1244 1918 langgravins
1276 1834 1402 1898 initum

278 1917 380 1980 tenuit
400 1915 554 2015 quioquid
575 1924 670 1980 antea
683 1917 858 2002 promisit³.
901 1916 946 1978 Et
960 1915 1218 2002 archiepiscopus
1240 1938 1313 1980 eum
1335 1919 1401 1982 suis

279 1999 455 2068 aurilianis
488 2001 689 2085 expugnavit
721 2021 738 2063 o
764 1999 854 2062 idum
883 1997 1079 2084 Rodenburg
1111 2021 1183 2063 cum
1210 2023 1267 2064 suo
1296 2011 1400 2066 castro

277 2083 470 2166 firmissimo,
493 2083 570 2147 item
586 2083 718 2181 opidum
768 2082 930 2168 elsungen,
955 2083 1033 2147 item
1048 2082 1181 2169 opidum
1196 2082 1399 2170 Gndesberg‚

178 2165 366 2252 *arasquod
403 2167 531 2230 omnino
567 2165 628 2230 furt
661 2167 862 2232 combustum
897 2168 1061 2252 minisque
1093 2167 1269 2250 subversis,
1307 2169 1426 2234 *item*

279 2249 413 2335 opidum
426 2249 591 2334 Nydonste
636 2300 644 2332 ‚
666 2251 744 2315 item
766 2259 906 2314 castrum
920 2249 1145 2315 Falckenstein
1163 2273 1266 2337 prope
1281 2251 1402 2316 dictum

279 2333 426 2420 opidum3
449 2333 550 2398 eciam
572 2355 590 2397 o
616 2355 739 2398 sessum
758 2335 818 2397 fuit
838 2333 971 2419 opidum
987 2333 1119 2415 Caesel?
1139 2335 1195 2399 sed
1216 2357 1280 2399 non
1301 2359 1401 2421 expu-

279 2426 422 2503 gnatum.
466 2417 510 2480 Et
523 2417 654 2482 tandem
668 2401 799 2509 treugis?
810 2417 902 2482 factis
925 2426 957 2482 et
971 2417 1054 2482 datis
1070 2417 1244 2500 obsidibus,
1264 2441 1401 2484 recesse—
1484 2487 1488 2495 Δ

278 2510 353 2565 runt
373 2501 415 2566 ad
437 2523 504 2584 sua,
531 2502 662 2580 retentis
684 2501 803 2565 scilicet
824 2501 1081 2588 archiepiscopus
1108 2503 1142 2566 in
1164 2525 1223 2566 sua
1243 2512 1402 2588 potestate
1509 2579 1514 2583 ⁵

280 2583 657 2731 opidipplexpugnatispin
678 2585 739 2650 hoc
760 2606 853 2649 anno.
1192 2603 1196 2613 ¹

416 2676 592 2753 autumpno
608 2670 707 2733 crevit
720 2669 865 2754 paucitas
879 2669 947 2733 vini
962 2670 1071 2748 amari,
1095 2670 1170 2754 quia
1190 2691 1255 2734 non
1275 2678 1403 2756 poterat

279 2760 492 2816 maturescere
506 2760 639 2836 propter
651 2759 779 2837 tempus
793 2751 976 2838 pluviosam
998 2761 1030 2816 et
1050 2753 1212 2838 frigidum,
1235 2754 1323 2840 quod
1343 2777 1404 2841 per

278 2845 380 2900 totam
406 2842 540 2900 estatem
561 2835 786 2920 precedentem
807 2835 952 2919 durabat,
982 2845 1013 2900 ot
1033 2837 1095 2902 nisi
1115 2837 1226 2901 vinum
1247 2847 1340 2902 vetus
1362 2837 1402 2904 de

302 2916 463 2984 recedenti
489 2940 571 2982 anno
601 2919 872 2984 ministrassetter
896 2921 930 2982 in
959 2920 1138 2984 subsidium
1158 2923 1308 3004 venisset,
1337 2945 1403 2987 non

279 2943 393 3067 brisset
413 3001 478 3066 ulia
492 3001 669 3068 consolacio
689 3005 724 3066 in
738 3005 812 3066 vino
829 3025 913 3069 novo
928 3012 1060 3090 propter
1075 3005 1143 3068 eius
1158 3005 1403 3072 amaritudinem

281 3095 313 3152 et
358 3086 537 3150 aueitatem.

334 3109 414 3232 pEo
435 3177 500 3232 tem
526 3190 579 3233 ore
595 3169 745 3234 Urbanus
768 3178 877 3235 sextus
898 3172 985 3234 misit
1006 3171 1166 3257 quendam
1187 3171 1227 3236 de
1250 3174 1315 3237 suis
1337 3192 1404 3238 car-

281 3251 439 3316 dinalibus
471 3191 522 3316 ad
547 3260 655 3338 partes
688 3252 864 3336 Alamanie,
901 3255 956 3340 qni
987 3254 1204 3320 habitaculum
1235 3257 1338 3322 tenuit
1368 3258 1403 3320 in

280 3337 474 3418 wormacia,
505 3344 537 3399 et
562 3335 623 3400 fuit
648 3336 759 3400 titulus
781 3339 848 3400 eius
870 3337 1038 3424 Phiiippus
1060 3339 1100 3403 de
1121 3338 1307 3422 Maeonia,
1336 3341 1403 3426 epi-

281 3441 398 3506 scopus
416 3420 609 3501 Hostiensis,
630 3420 810 3505 patriarcha
825 3420 1063 3508 Aquileyensis,
1086 3421 1255 3488 cardinalis
1276 3433 1404 3511 aposto-

281 3503 340 3567 lice
362 3503 447 3567 sedis
468 3504 603 3566 nuncius
613 3512 635 3568 ⁴.

365 3585 459 3650 Anno
478 3586 529 3668 88,
550 3585 723 3651 indictione
739 3586 915 3671 undecima,
937 3611 996 3675 per
1016 3597 1120 3655 totum
1134 3612 1254 3654 annum
1274 3589 1403 3656 fuerunt

281 3775 305 3830 a)
321 3775 512 3883 ¹⁸⁰⁰¹³¹ffs⁵ust
572 3773 596 3828 b)
612 3777 761 3854 prophetavit
774 3789 793 3817 a.

283 3916 312 3986 1)
331 3917 371 3983 Ψ.
392 3916 487 3968 Obron.
506 3917 592 3970 lamb.
612 3937 634 3970 c.
650 3919 711 3970 140.
737 3919 851 3970 Iacobus
877 3918 1007 3971 Minorita
1029 3921 1063 3972 de
1085 3921 1239 3973 Brodentia
1257 3922 1403 3974 secuudum
1508 3941 1512 3944 ·

282 3991 375 4056 Mayu.
396 3990 485 4041 chron.
504 3991 581 4058 Bely.
605 3992 648 4042 dis
674 3993 717 4042 30.
738 3991 810 4058 Sept.
833 3993 912 4046 1392.
942 3993 1075 4046 Ultras'sets'
1096 4001 1178 4048 morte
1203 3995 1329 4046 multatus
1356 4003 1402 4047 est.

289 4060 395 4114 WYSS.
470 4063 499 4127 2)
519 4062 712 4132 Suffraqaaeus
723 4065 964 4132 archiepiscopatus
975 4066 1173 4134 Neapatreaos‘s.
1250 4067 1279 4135 3)
1296 4068 1403 4120 Bellum

283 4136 311 4187 in
329 4135 433 4187 Hassia
453 4153 477 4188 a.
491 4137 570 4201 1387,
589 4155 623 4192 m.
642 4136 710 4204 Any.
731 4145 754 4190 et
765 4135 836 4204 Sept.
866 4137 1232 4206 Cs.0trou.lzimb.e.13i.·
1248 4141 1406 4194 etRammel

238 4275 241 4281 .
284 4208 326 4272 11,
341 4227 371 4275 p.
383 4209 446 4259 221.
511 4209 541 4276 4)
560 4211 700 4278 Rayualds'
709 4209 779 4262 Arsa.
790 4211 885 4276 XVII,
903 4230 930 4278 p.
942 4215 990 4263 40:
1009 4214 1147 4280 Philippus
1159 4215 1349 4266 doAlenconio
1370 4215 1404 4267 de

283 4283 364 4348 stirpe
391 4299 483 4348 regum
507 4284 670 4339 Francorum
694 4287 814 4351 genitus,
840 4287 991 4351 patriarcha
1011 4287 1284 4354 Hierosolymitanus‚
1308 4293 1406 4354 postea

284 4357 425 4435 episeopus
446 4357 559 4408 Sabinus
578 4364 605 4410 et
623 4359 729 4410 demum
749 4359 880 4410 Ostiensis
900 4365 927 4411 et
941 4360 1122 4413 velletrensis.
