3090 4962
284 366 336 416 XX
608 364 816 416 OHRONIOON
834 365 1087 417 MOGUNTINUM.

281 533 439 619 pluribus
470 534 556 597 enim
588 531 669 596 loeis
702 531 747 617 (f.
782 531 855 595 157¹
890 531 976 596 232’.
1008 531 1104 614 2ὃ4’)
1140 555 1204 596 sua
1235 555 1339 596 manu
1371 535 1410 596 in

285 619 436 704 maraine
459 615 658 700 adscripsit:
680 616 722 680 ist
742 613 903 700 gedruokt
913 627 934 678 ¹.

370 700 502 766 Sebaab
525 701 563 763 in
585 699 681 763 libris
704 699 904 763 ‘Gesobicbte
936 700 995 762 der
1016 698 1115 764 Stadt
1137 700 1266 765 Maiue’
1292 701 1347 783 (Τ.
1362 701 1411 782 ΙΙ,

279 810 318 871 p.
340 785 422 869 476)
444 794 474 849 et
495 781 695 848 ‘Gesabiobte
726 784 784 848 des
813 783 1019 848 rbeinisoben
1042 784 1275 848 Sta'dtebunds'
1303 786 1357 865 (T.
1380 785 1409 865 I,

283 894 318 955 p.
351 871 389 950 9)
425 868 612 936 Obrouieon
644 867 878 953 Moquutiuum
913 867 1034 932 Latino
1069 890 1216 932 sermone
1251 870 1411 952 seriptum

266 948 394 1039 'taffert,
422 953 510 1038 quod
541 975 563 1015 a
588 949 705 1016 elerico
733 973 816 1014 saec.
838 950 926 1014 XIV.
949 961 979 1013 et
999 951 1069 1015 XV.
1092 954 1174 1017 med.
1201 955 1359 1036 scripturn
1381 961 1412 1016 at

284 1059 386 1122 usque
407 1037 453 1100 ad
467 1058 500 1098 a.
517 1035 609 1099 1478.
624 1037 852 1099 continuatum
874 1037 926 1115 sit,
946 1035 1111 1120 multaque
1126 1047 1280 1120 eucerpta
1302 1057 1342 1099 ea
1363 1038 1411 1100 eis

284 1123 322 1185 in
350 1119 622 1184 adnotationibus
651 1121 722 1184 suis
750 1119 864 1182 tradit.
910 1117 999 1192 Quos
1025 1117 1112 1184 locos
1140 1123 1171 1184 si
1199 1129 1311 1184 nostro
1337 1143 1411 1184 eum

285 1205 395 1268 codice
417 1203 674 1287 comparaveris,
696 1225 806 1268 eorum
828 1201 925 1266 uerba
947 1226 1020 1266 eum
1040 1203 1163 1267 codicis
1186 1203 1290 1268 verbis
1313 1207 1412 1268 etiam

285 1291 323 1351 iu
348 1289 441 1351 uitiis
466 1309 646 1372 eonqruere
667 1288 826 1366 invenies,
855 1309 940 1370 quae
961 1285 1094 1350 Scbaab
1117 1286 1194 1351 aliis
1217 1291 1322 1368 aunit,
1352 1289 1413 1372 qui

285 1374 464 1436 sententias
500 1392 626 1516 quozue
658 1369 837 1434 nonunbbas
870 1372 1039 1433 contradit
1071 1381 1130 1434 aut
1160 1373 1198 1435 in
1231 1380 1411 1458 anqustum

286 1457 400 1541 aoeqit,
420 1476 543 1538 partun
557 1477 574 1518 o
589 1477 646 1518 are
667 1455 794 1539 scripta
817 1462 876 1516 aut
898 1453 1038 1518 obscura
1059 1455 1252 1539 simpliciter
1270 1457 1378 1520 omisit
1387 1465 1411 1518 ¹.

136 1571 278 1640 tamnu*
373 1555 482 1622 Codes)
496 1577 594 1640 saepe
609 1555 786 1635 adbibitus,
808 1556 867 1638 qui
881 1577 944 1639 quo
959 1555 1029 1620 loco
1044 1567 1241 1638 seruaretur,
1258 1557 1412 1637 Ioannis,

131 1630 475 1728 ⁸}ffffl‘Bodmaun,
508 1639 639 1704 Sobaab
670 1639 866 1719 celaverunt,
900 1640 981 1704 adeo
1011 1641 1143 1706 abditus
1176 1651 1272 1727 atque
1298 1661 1411 1705 recon-

288 1726 378 1789 ditus
407 1733 489 1804 erat,
518 1733 555 1786 ut
583 1747 623 1787 ue
644 1723 788 1787 Bo'bmer
816 1724 955 1806 quidem,
983 1725 1037 1787 oir
1064 1723 1119 1788 ille
1149 1725 1353 1788 clarissimus
1380 1734 1413 1788 et

285 1809 529 1874 eruditissimus
537 1854 546 1886 ,
579 1829 651 1869 eum
681 1808 885 1891 coynooeriss
919 1830 1117 1892 quamquam
1148 1811 1306 1895 inprimis
1338 1811 1411 1872 Mo·

285 1893 429 1994 quntina
458 1893 688 1973 manuscripta
721 1892 767 1954 ad
796 1890 967 1955 historiam
994 1896 1179 1976 spectantia
1204 1915 1267 1978 per
1294 1892 1413 1956 multos
1507 1919 1508 1982 u

285 1977 495 2060 inoestiqauit
522 1996 630 2038 annos
664 1983 693 2036 et
721 1997 793 2037 cum
822 1973 952 2038 Sebaab
983 1985 1012 2038 et
1041 1977 1172 2040 Hennes
1199 1977 1412 2060 Moyuntiuis
1507 2009 1508 2014 ¹

287 2060 460 2124 assiduam
475 2056 687 2142 epistolarum
703 2060 926 2122 commercium
942 2059 1056 2123 babuit
1064 2070 1086 2123 ³.
1122 2061 1164 2124 In
1179 2062 1412 2124 commentario
1507 2129 1508 2132 Ἴ

287 2143 434 2207 a.1849.
457 2143 560 2206 edito:
591 2141 709 2204 ‘Ueber
736 2143 790 2204 die
812 2140 1127 2227 Gesobicbtsquellen
1157 2145 1212 2208 des
1239 2144 1413 2226 Erzstiftes

287 2228 402 2292 Maiae
414 2230 458 2290 ira
469 2224 664 2290 Mitteiabter'
674 2227 711 2287 in
723 2225 942 2289 ‘Periodiscbe
952 2226 1078 2290 Ble'ttter
1089 2229 1147 2292 der
1158 2228 1271 2292 beiden
1284 2227 1323 2290 G.
1338 2227 1410 2291 Ver-

287 2313 358 2376 eine
379 2333 443 2374 uon
465 2310 604 2374 Hessen'
629 2335 666 2394 p.
691 2309 759 2373 172.
802 2310 946 2374 Bo'bmer
970 2310 1154 2376 Chronicou
1175 2313 1410 2397 Moquntiuum

286 2397 546 2459 commemorauit
560 2397 752 2458 auctoritate
764 2393 904 2457 Ioannis
919 2403 947 2458 et
962 2394 1155 2458 Bodmanui
1169 2399 1275 2475 nisus,
1294 2405 1412 2480 postea

288 2481 395 2542 autern
418 2478 610 2562 fragmenta
636 2478 677 2540 ab
700 2487 835 2562 utroque
858 2487 954 2563 atque
976 2502 998 2540 a
1018 2477 1148 2542 Sebaab
1171 2482 1411 2543 communicata

287 2562 424 2646 collegit,
446 2585 530 2645 quae
552 2562 730 2624 coniuncta
751 2585 823 2625 oum
844 2565 1005 2647 eucermtis
1028 2586 1049 2622 a
1072 2564 1207 2627 Budero
1232 2573 1261 2628 et
1283 2563 1411 2626 Wu'rdt-

287 2648 370 2709 ueiu
382 2646 488 2726 editis,
503 2667 586 2728 quae
598 2666 705 2728 supra
718 2649 1046 2726 commemoravimus,
1062 2647 1102 2712 A.
1116 2649 1229 2712 Huber
1238 2649 1274 2710 in
1288 2657 1412 2732 quarta

289 2731 552 2811 Fontiumparte
567 2729 671 2792 edidit
692 2739 721 2791 et
737 2728 1207 2815 ObrouioiMoquntini
1227 2729 1410 2795 miscebis

280 2813 525 2898 fraqmeuta
547 2811 715 2875 collecta
738 2836 769 2876 a.
795 2813 1059 2878 1329-1501.
1084 2813 1275 2900 appellavit.

374 2895 499 2960 Nostra
529 2895 655 2959 demum
684 2905 788 2960 aetate
816 2897 917 2960 eodeu
944 2899 989 2961 ad
1012 2902 1222 2985 antiquarios
1249 2921 1329 2984 quos
1355 2919 1409 2961 oo·

290 3002 403 3044 camus
426 2977 578 3062 perlatus
606 3001 672 3042 esee
700 2981 830 3044 uidetur
857 2990 886 3043 et
910 2990 1073 3064 postremo
1106 2987 1143 3047 in
1170 2993 1303 3066 portum
1335 2991 1409 3044 tau-

291 3086 389 3150 quam
432 3071 527 3148 atque
563 3061 759 3149 perfuqium
800 3059 1007 3129 bibiibtbeeae
1049 3068 1161 3152 reyiae
1203 3066 1412 3130 Monacensis

286 3155 458 3232 peruectus
480 3155 555 3214 est‘.

136 3246 169 3285 1³·
178 3249 267 3284 suun
375 3231 409 3294 E
420 3230 542 3296 codicis
561 3240 686 3295 natura
702 3231 873 3316 aliquaue
889 3242 989 3315 parte
1009 3231 1155 3316 intelleyi
1169 3240 1275 3314 potest
1295 3251 1412 3310 causa,

128 3304 352 3406 ‘ammom
373 3315 431 3400 qui
453 3324 552 3379 antea
573 3338 608 3379 eo
630 3317 685 3378 usi
706 3325 793 3396 suut,
826 3314 1009 3380 Obronieon
1031 3315 1274 3400 Moquutinum,
1298 3337 1411 3402 quam·

294 3509 321 3573 1)
340 3508 375 3561 A.
395 3507 474 3576 Wyes,
495 3511 513 3562 l.
532 3527 554 3562 e.
569 3529 600 3578 p.
614 3512 659 3560 46.
680 3511 760 3572 adn.‚·
778 3511 843 3560 mibi
861 3527 963 3576 quoque
978 3509 1134 3563 Bodmanni
1151 3529 1247 3562 manus
1266 3507 1330 3562 satis
1348 3518 1414 3558 nota

292 3592 338 3635 est.
405 3582 434 3649 2)
453 3582 489 3633 In
508 3584 615 3650 leuando
635 3583 735 3635 errauit
754 3589 801 3633 aut
820 3583 976 3646 emendavit,
997 3593 1026 3635 ut
1039 3602 1134 3650 pauca
1153 3585 1265 3649 afferam
1284 3581 1413 3645 euempba,

291 3657 321 3706 in
340 3656 501 3708 ‘Gesebiebte
520 3657 565 3708 des
583 3657 669 3708 rhein.
690 3655 729 3706 St.
749 3656 791 3706 B.'
813 3655 836 3716 I,
853 3673 882 3720 p.
898 3657 960 3718 325,
981 3657 1027 3707 ubi
1046 3658 1224 3708 discutiebant
1238 3672 1290 3720 pro
1311 3655 1414 3706 dissen-

290 3731 402 3795 tiebant,
422 3746 453 3795 p.
475 3730 538 3792 328,
563 3729 610 3780 ubi
635 3729 751 3779 ducendi
775 3729 848 3794 ipsos
868 3746 920 3792 pro
940 3729 1061 3779 ducendo
1085 3731 1167 3793 ipsos,
1189 3745 1219 3794 p.
1234 3728 1296 3780 341.
1323 3729 1415 3779 omnio,

292 3803 374 3869 opida
398 3820 451 3868 pro
483 3807 557 3853 exue
588 3803 676 3868 opida,
707 3819 734 3865 p.
755 3802 818 3852 375.
846 3802 937 3851 risalte
961 3818 1013 3866 pro
1038 3802 1135 3852 ribaldi
1162 3802 1268 3866 scripsit
1296 3808 1320 3852 et
1349 3801 1413 3853 alia.

247 3909 257 3928 f
293 3877 324 3939 3)
343 3875 473 3928 Desidero
496 3874 524 3926 in
544 3873 685 3926 Imunseuii
710 3873 775 3924 libro
802 3873 939 3925 ‘Bb‘bmers
961 3871 1050 3923 Leben
1075 3874 1133 3924 und
1151 3873 1251 3940 Briefe'
1276 3873 1415 3940 epistolam

291 3949 366 4000 ilmut
386 3949 423 4005 od
442 3945 547 3999 Sebaab
566 3946 681 4010 missam,
704 3961 758 4011 qua
776 3945 892 3996 Bb'bmcr
910 3945 950 3994 iiii
965 3946 1068 4012 qratias
1088 3947 1151 4013 aqit,
1175 3948 1247 4014 quod
1266 3947 1316 3998 sibi
1334 3948 1414 3998 bisto-

256 4010 261 4031 ‘
292 4023 361 4074 riam
387 4019 626 4087 confoederationis
652 4019 789 4070 ciuitatum
806 4017 985 4069 Rbeuensium
1005 4019 1043 4082 (a.
1060 4020 1142 4084 1843)
1166 4021 1279 4084 miserit,
1306 4037 1415 4086 emaque

313 4091 372 4146 imis
405 4094 501 4145 blande
532 4093 669 4144 collaudat
675 4109 684 4151 ,·
714 4092 748 4156 cf.
777 4089 893 4154 Sebaab,
926 4089 1086 4143 ‘Gesobiebte
1114 4093 1163 4144 der
1192 4093 1271 4145 Stadt
1299 4093 1414 4155 Mainz',

37 4135 225 4248 mistui
263 4113 380 4248 [grass.
390 4185 419 4232 p.
434 4167 478 4218 29.
551 4163 581 4231 4)
600 4164 636 4214 In
648 4164 772 4214 interiore
780 4171 860 4230 parta
874 4165 1016 4232 teyumenti
1023 4165 1126 4230 prioris
1134 4167 1244 4232 plumbo
1259 4167 1416 4218 adnotatum

293 4247 346 4292 est:
373 4240 456 4302 Beer,
479 4255 508 4304 p.
529 4238 564 4288 36
592 4238 631 4300 (a.
659 4237 751 4303 1869).
797 4237 850 4288 Sed
873 4237 959 4288 Baeri
987 4238 1100 4290 libraria
1125 4241 1158 4292 de
1184 4241 1279 4292 codicis
1297 4240 1416 4306 fortuna

293 4314 499 4380 interrogantem
517 4328 557 4364 me
577 4310 712 4362 certiorem
723 4311 818 4377 facere
836 4328 889 4362 non
904 4312 1001 4376 potuit.
