3090 4962
494 423 701 475 CHRONIOON
719 425 968 477 MOGUNTINUM.
1236 429 1291 480 vn

171 591 325 672 inserere,
347 592 396 656 ita
419 601 455 654 ut
474 593 519 656 ool
536 593 685 678 simpulos
701 615 807 658 annos
823 617 907 678 quae
923 594 968 658 ad
980 616 1133 680 quemque
1152 596 1296 660 attinent·
1403 606 1407 615 “

172 675 306 740 adderet
328 674 389 759 (cf.
408 676 520 760 praef.
543 677 588 740 ad
609 679 725 742 Fontes
747 677 770 740 I
774 678 818 758 V,-
824 700 861 761 p.
883 682 1007 760 XLVI).

256 777 354 840 Duae
391 791 445 842 re's
481 789 558 843 sunt
594 780 903 844 animadvertendae
937 783 974 845 in
1011 782 1068 845 boc
1093 780 1289 867 frapmento

170 861 388 944 memorabili,
412 885 495 948 quoe
517 885 557 926 en
577 873 688 927 nostro
711 865 836 928 demum
852 863 961 929 codice
975 863 1120 951 intellepi
1135 873 1295 952 possunt.

255 964 315 1027 Est
329 965 414 1029 enim
425 963 653 1051 frapmentum
665 965 751 1030 iliad
766 967 850 1030 nibil
863 967 957 1031 aliud
972 969 1039 1031 nisi
1053 968 1288 1054 redintepratio

169 1057 301 1132 sumpta
323 1061 373 1112 eu·
386 1049 557 1113 Historiae
579 1050 796 1134 descriptione
818 1051 856 1114 de
885 1051 1064 1116 Wormotio
1084 1051 1117 1137 f.
1139 1052 1289 1119 40-43.

171 1138 217 1215 (u.
233 1155 339 1218 supra
355 1133 413 1197 sub
428 1156 479 1203 nr.
498 1135 544 1216 1),
567 1157 632 1219 qua
648 1158 696 1215 ea,
714 1159 797 1220 quae
810 1135 924 1199 Buder
938 1137 1057 1218 tradit,v
1073 1158 1169 1220 saepe
1184 1158 1287 1200 emen·

170 1216 251 1280 dari
278 1226 306 1280 et
327 1217 431 1282 uerbis
462 1217 503 1282 ab
525 1241 560 1282 eo
583 1221 710 1284 omissis
733 1219 888 1304 compleri
905 1229 1055 1304 possunt.
1101 1221 1182 1285 Tum
1202 1242 1288 1299 vero,

169 1309 205 1365 ut
225 1300 306 1365 liber
319 1311 404 1366 totus
426 1323 466 1366 en
489 1325 551 1387 quo
567 1313 752 1388 encerptum
767 1314 821 1383 est,
844 1326 883 1367 en
900 1305 1142 1390 antiquioribus
1157 1305 1295 1389 seriptis·

169 1385 343 1469 confusum
365 1387 637 1471 compositumque
659 1397 713 1453 est.
757 1388 963 1472 Praecipuus
993 1397 1098 1454 autem
1110 1387 1196 1473 fons
1219 1397 1290 1452 erat

172 1468 357 1535 Cbronicon
369 1469 612 1556 Mopuntinum,
625 1493 665 1535 eoo
677 1494 739 1558 quo
750 1471 814 1536 loci
826 1473 871 1536 ad
888 1473 1096 1537 Wormotiam
1109 1481 1289 1558 spectantes

169 1556 314 1638 eucerpti
334 1565 363 1618 et
384 1576 424 1618 en
440 1565 541 1639 parte
562 1558 728 1620 sententiis
749 1565 861 1621 temere
882 1558 967 1622 inter
988 1580 1020 1621 se
1035 1559 1220 1621 coniunctis
1240 1555 1292 1619 uel

168 1641 381 1722 transpositis
408 1641 603 1722 commutati,
625 1651 801 1726 praeterea
829 1651 936 1706 autem
961 1641 1080 1706 eisdem
1106 1641 1211 1706 uerbis
1233 1661 1288 1704 en-

164 1726 279 1807 pressi
304 1733 391 1786 sunt.
444 1721 562 1798 Qualis
591 1725 670 1788 baec
696 1727 785 1788 ratio
817 1729 869 1807 sit,
902 1725 1054 1790 subtilius
1082 1724 1290 1790 ostendamus

167 1828 294 1870 necesse
320 1830 387 1872 non
413 1817 476 1872 est:
510 1809 697 1894 quicunque
728 1811 812 1873 enirn
844 1809 1029 1875 Chronicon
1056 1810 1290 1895 Mopuntinum

6 1966 8 1977 Ι
168 1889 291 1976 leperit,
309 1890 475 1975 facillime
503 1893 576 1978 ipse
604 1916 674 1957 eam
704 1889 895 1979 copnoscere
912 1895 1043 1978 poterit.
1090 1891 1183 1967 Quae
1205 1914 1287 1957 com-

6 1980 9 2009 '
167 1985 383 2040 memorentur
413 1975 485 2040 sola
518 1977 582 2040 duo
620 1977 845 2042 additamento
876 1977 982 2064 dipna
1007 1986 1100 2060 sunt,
1134 2000 1217 2063 quoe
1244 1977 1295 2040 ad'

7 2014 11 2169 l
158 2059 192 2144 ᾖ.
222 2058 302 2122 129¹.
331 2070 361 2123 et
390 2060 459 2124 132.
490 2065 540 2145 (p.
567 2059 609 2125 55
638 2071 667 2126 et
688 2062 746 2143 60)
775 2062 985 2148 sipm‘ficaoi5
1021 2085 1159 2148 quorum
1188 2059 1290 2125 altero

167 2143 361 2228 compilator
388 2144 631 2210 Wormotiensis
660 2145 790 2210 tabulas
807 2145 959 2230 foederis
986 2148 1073 2210 inter
1101 2146 1232 2211 clericos
1260 2153 1290 2209 et

167 2229 251 2292 cives
285 2227 533 2293 Wormotienses
561 2229 614 2294 die
642 2228 809 2294 25.1uutt
836 2253 867 2294 o.
892 2231 982 2296 1386.
1005 2231 1085 2294 initi
1106 2237 1135 2312 (t
1154 2231 1213 2315 pis
1234 2251 1287 2294 eoc-

51 2393 53 2396 .
191 2334 315 2376 ressum
336 2323 382 2376 est
403 2313 440 2376 in
456 2312 644 2377 Scbannati
666 2315 752 2378 Hist.
772 2315 914 2400 episcop.
934 2315 1086 2379 Wormat.
1102 2315 1125 2378 l
1137 2364 1147 2398 ,
1188 2313 1294 2396 .202)·

163 2334 296 2478 laudat,
325 2419 347 2459 a
377 2397 495 2482 quibus
524 2398 725 2462 conditiones
755 2407 851 2482 atque
881 2398 965 2463 diem
991 2399 1103 2483 petiit:
1169 2397 1291 2462 ontinet

167 2489 277 2544 autem
290 2479 397 2546 littera
413 2481 656 2567 compositionis
671 2481 730 2546 hec
745 2482 778 2544 in
794 2504 827 2546 se
843 2490 898 2545 etc.
920 2521 960 2531 —
976 2480 1133 2547 laborent.
1170 2483 1289 2546 Actum

168 2565 492 2631 annoDomini1386.
500 2567 533 2629 in
541 2567 677 2630 erastino
685 2566 862 2631 nativitatis
871 2566 1131 2631 sanctiIohennis
1139 2566 1293 2652 baptiste.

168 2649 210 2712 In
238 2649 367 2714 Buderi
399 2649 480 2714 libro
517 2651 569 2714 bic
597 2650 687 2715 locus
714 2651 868 2716 vocabulo
898 2649 1082 2716 laborarent
1110 2651 1289 2734 clauditur,

49 2742 51 2746 ’
169 2735 291 2798 omissa
312 2736 467 2818 temporis
488 2737 657 2800 mentione.
700 2736 823 2800 Eodem
844 2737 939 2800 modo
959 2736 1290 2802 locumtradiderunt

167 2817 436 2883 Bblemer·Huber
450 2821 487 2883 in
502 2819 661 2883 Fontibus
676 2819 697 2882 1
700 2819 731 2902 V,
744 2842 779 2904 p.
795 2820 867 2884 380.
911 2821 1057 2885 Alterum
1073 2830 1179 2884 autem
1194 2818 1289 2883 addi-

169 2911 345 2966 tamentum
362 2903 407 2967 ad
422 2902 681 2968 crudelissimum
694 2903 780 2968 illud
794 2906 1024 2986 inusitatum,
1039 2903 1127 2989 quod
1140 2912 1288 2984 vocatur,

167 2984 246 3051 bello
265 2986 400 3070 factum
429 2989 553 3069 attinet,
580 3010 747 3052 seruorum
775 2998 945 3072 captorum
967 2989 1167 3053 enustionem
1193 2987 1288 3051 iussu

166 3070 310 3156 Ruperti
351 3072 445 3136 ducis
481 3071 630 3136 calcaria
660 3071 807 3157 fornace
838 3076 987 3157 factam,
1033 3071 1120 3158 quod
1156 3081 1288 3136 auctore

165 3153 396 3241 Koenipsboflo
418 3154 747 3240 (‘Ste'tdtecbronileen'
767 3156 825 3239 IX,
840 3181 879 3242 p.
896 3157 975 3238 845)
997 3156 1155 3220 traditum
1171 3165 1226 3238 est,
1252 3167 1290 3220 ut

165 3239 203 3302 in
224 3239 392 3305 Historica
415 3241 633 3326 descriptione
655 3241 694 3304 de
714 3240 894 3304 Wormotia
916 3240 1059 3305 dilucide
1080 3240 1202 3304 dictum
1224 3249 1287 3304 est:

165 3333 263 3408 prout
291 3324 430 3389 Iacobus
460 3323 687 3406 Kunigshofcn
720 3324 755 3387 in
789 3345 848 3388 sua
880 3325 1010 3388 cronica
1038 3323 1125 3392 dicit,
1174 3329 1191 3407 (
1195 3323 1290 3398 Quae

166 3408 265 3472 verbo
287 3408 391 3472 allata
412 3409 530 3473 desunt
550 3412 588 3473 in
609 3409 740 3474 Buderi
760 3409 917 3474 Fontibus
939 3409 962 3473 Ι
965 3409 998 3492 V,
1015 3431 1052 3494 p.
1075 3407 1187 3490 382).ι

250 3501 354 3588 Perpo
377 3503 516 3567 codicem
539 3503 725 3568 describere.

251 3604 285 3688 5)
308 3604 351 3689 (f.
374 3604 572 3686 roo-225)
600 3605 808 3690 Encerpta
830 3627 878 3668 en
899 3604 1098 3669 chronica
1119 3604 1183 3668 Ma
1219 3605 1287 3668 de-

166 3687 290 3774 burp„
329 3712 412 3776 quae
447 3691 615 3773 incipiunt
649 3690 774 3754 uerbis:
811 3687 908 3754 Cives
939 3687 1128 3752 Numantini
1163 3627 1289 3752 adscissi

165 3793 186 3835 a
208 3771 359 3858 Scipione
380 3772 544 3838 Affricsno
575 3812 611 3822 -
642 3797 743 3858 usque
773 3774 818 3838 ad
846 3796 971 3837 aunum
995 3772 1086 3854 1347,
1114 3781 1142 3838 et
1169 3773 1285 3836 deinde

164 3866 330 3942 tamquam
352 3881 436 3922 novo
458 3857 592 3922 euordio
616 3869 711 3942 copto
735 3881 755 3920 a
778 3880 853 3944 repe
874 3855 1061 3943 Dapoberto
1084 3879 1115 3920 a.
1138 3854 1210 3920 632.
1232 3855 1288 3920 vel

165 3941 341 4006 secundum
362 3940 458 4006 aliam
482 3962 567 4006 eron.
590 3941 650 4006 707
673 3983 715 3992 -
739 3943 830 4008 1363.

248 4046 283 4129 6)
318 4042 359 4128 (f.
390 4044 588 4126 225-228)
624 4045 682 4108 De
713 4043 953 4129 Erffordia.
1007 4041 1130 4106 Civitas
1162 4041 1287 4106 Erffirr·

165 4126 271 4192 densis
299 4127 410 4194 habuit
442 4128 570 4192 initium
597 4137 743 4214 temporo
773 4127 879 4194 clodii
906 4128 992 4212 regis
1021 4126 1220 4189 Francorum
1253 4135 1287 4190 ot

168 4317 196 4384 1)
219 4317 274 4368 Pro
300 4327 387 4370 actmn
411 4321 478 4372 feria
502 4321 581 4371 tertia
606 4327 667 4370 aute
689 4318 802 4370 Martini
826 4336 851 4372 a.
873 4317 953 4370 1388.
974 4315 1085 4383 praebet
1102 4314 1173 4367 Hist.
1199 4314 1288 4366 deser.

170 4391 293 4444 Wonnot.
312 4401 380 4444 recte
399 4394 466 4445 feria
484 4399 560 4444 sexte
580 4391 636 4458 (die
656 4393 681 4446 6.
702 4391 794 4458 Nom),
814 4400 843 4443 ut
862 4389 1073 4460 Koenipsbosen:
1092 4402 1135 4438 sm
1153 4387 1257 4454 fritsge.
