3090 4962
461 423 667 474 CHRONIOON
686 423 936 476 MOGUNTINUM.
1216 429 1257 478 XI

139 591 295 656 dioecesis
326 591 578 678 Bamberqensis
610 593 681 656 uico
713 594 795 656 sitae
828 593 873 657 ad
905 595 1034 659 comites
1066 593 1257 659 Scbbnborn

140 675 324 739 translatae
339 685 416 740 sunt
437 715 478 724 —-
501 675 540 740 ab
557 699 587 738 a.
606 675 696 744 1513.
713 677 855 741 decanus
877 687 948 741 erat
962 679 1104 762 capituli
1119 679 1258 765 Mopun·

140 761 216 841 tini,
239 783 270 823 a.
295 770 401 825 autem
424 760 515 828 1518,
540 759 579 822 ab
602 759 732 824 Alberto
747 760 1077 848 Brundenburpensi,
1101 765 1158 862 qui
1179 764 1258 828 iude

142 845 184 908 ab
201 867 231 908 a.
250 844 340 913 1514,
358 845 626 928 archiepiscopus
648 853 677 906 et
685 845 845 928 princeps
867 844 981 910 elector
1002 856 1086 928 erat,
1108 849 1257 911 vicarius

140 929 443 1012 archiepiscopatus
454 929 574 1011 factus
594 937 658 1009 est,·
680 929 827 1013 idemque
848 953 980 994 muniere
1001 933 1153 996 canonici
1170 931 1257 996 Wor-

138 1014 309 1077 mutiensis
331 1023 360 1076 et
383 1013 660 1097 Wircebu-rpensis
671 1011 911 1098 funpebatur1.

224 1097 448 1179 Necessitudo,
478 1120 544 1182 qua
565 1097 717 1160 Albertus
744 1121 817 1161 cum
838 1098 961 1162 decano
988 1099 1256 1183 coniunpebatur,

139 1190 267 1244 mature
294 1181 426 1245 turbata
455 1203 521 1246 esse
551 1181 680 1244 uidetur
707 1183 808 1246 nimio
832 1205 894 1267 quo
922 1183 974 1246 bic
1004 1185 1093 1246 omni
1118 1192 1257 1266 tempore

141 1265 281 1349 capituli
307 1267 386 1330 iura
408 1265 600 1350 defendebat
622 1265 741 1347 studio,
770 1275 799 1328 et
851 1275 938 1330 osteu
959 1269 1066 1352 mapis
1087 1269 1183 1330 etiam
1204 1269 1256 1330 in-

139 1347 226 1420 festa
237 1349 340 1434 facta
356 1360 411 1430 est,
434 1374 505 1414 cum
517 1349 719 1414 Laurentius
730 1351 760 1414 T
756 1373 815 1414 rue
839 1373 905 1414 sess
919 1353 1017 1416 etiam
1037 1353 1087 1415 rei
1100 1351 1257 1436 publicae

140 1433 429 1498 administrandae
456 1435 630 1515 rationem,
657 1457 724 1518 qua
752 1432 808 1498 ille
830 1435 991 1516 utebatur,
1018 1458 1155 1499 nonnum
1180 1459 1257 1500 uam

137 1518 347 1602 improbaret.
393 1519 473 1585 Cum
501 1519 606 1604 ipitur
627 1517 771 1582 decanus
796 1521 984 1603 principem
1007 1519 1125 1604 palam
1148 1459 1257 1584 oqbiur-
1315 1588 1318 1594 ,

139 1611 235 1687 paret
269 1612 365 1689 atque
400 1605 600 1688 vituperaret
633 1611 771 1687 propter
799 1603 924 1686 foedus
958 1605 1259 1688 archiepiscopatui

138 1688 286 1769 nonium,
309 1688 463 1772 quoditie
487 1711 519 1751 a.
536 1686 626 1750 1528.
644 1711 716 1750 cum
726 1687 883 1771 Pbilippo
897 1687 1099 1772 lundpravio
1115 1687 1259 1753 Hassiae

139 1771 295 1850 inierat&
311 1782 340 1835 et
356 1772 506 1836 ecclesiae
522 1771 714 1854 capitulum,
736 1795 776 1836 ne
787 1771 910 1856 foedus
925 1774 1092 1858 probaret,
1113 1782 1258 1853 moueret,

132 1857 307 1940 principis
336 1857 391 1919 ira
413 1865 527 1920 contra
549 1879 621 1920 eum
647 1856 850 1940 inflammata
873 1865 928 1921 est.
971 1857 1142 1921 Accusans
1164 1859 1258 1922 deca·

139 1962 229 2021 num,
260 1941 346 2025 quod
367 1939 518 2023 superbis
543 1963 576 2004 se
598 1949 800 2004 consectatus
821 1951 900 2005 esset
921 1942 1088 2022 conuiciis,
1109 1964 1173 2025 per
1194 1943 1258 2006 uim

139 2025 178 2088 in
221 2047 293 2089 eum
328 2026 395 2110 epit
434 2047 568 2109 eumque
607 2026 645 2089 in
686 2047 846 2089 carcerem
885 2027 1029 2091 coniecit.
1093 2026 1258 2090 Ecclesiae

140 2107 324 2192 capitulum
345 2110 533 2194 impetrauit
554 2109 692 2194 quidem,
713 2117 750 2172 ut
771 2131 787 2172 e
809 2110 958 2174 custodia
976 2112 1179 2191 emitteretur,
1201 2109 1260 2174 sed

133 2195 295 2278 princeps
326 2193 523 2277 postulauit,
558 2202 594 2256 ut
626 2194 790 2257 decanatu
823 2217 856 2258 se
889 2193 1065 2258 abdicaret.
1122 2194 1166 2257 Et
1201 2193 1256 2258 ab·

139 2277 264 2341 dicavit
291 2299 323 2342 se
350 2299 386 2340 eo
414 2299 545 2341 munere
566 2275 771 2358 sollemniter,
794 2287 970 2362 postquam
993 2300 1057 2362 per
1078 2277 1258 2363 complures

139 2383 246 2425 annos
267 2361 436 2426 nonnullis
454 2361 594 2446 frustra
619 2361 891 2425 intercedentibus
913 2383 985 2424 cum
1006 2363 1161 2445 principe
1182 2363 1257 2448 epit,

139 2467 233 2509 suam
254 2447 418 2510 iniuriam
437 2446 609 2592 prsssessus
631 2454 660 2507 et
682 2445 722 2508 ab
739 2446 827 2508 omni
848 2445 1027 2509 inimicitia
1048 2466 1081 2507 se
1101 2455 1258 2529 tempera·

139 2538 250 2593 turum
275 2531 427 2593 iurausss.
512 2531 638 2594 iscessit
664 2530 840 2614 Mopuntia
870 2539 898 2592 et
925 2529 1117 2594 versabatur
1139 2539 1258 2613 postea

133 2613 327 2698 plerumque
348 2613 561 2700 Wirceburpi,
583 2613 641 2677 ubi
662 2613 715 2677 die
737 2614 787 2678 20.
802 2613 881 2677 Dec.
898 2613 989 2678 1543.
1012 2623 1159 2678 mortuus
1179 2623 1257 2680 ean

224 2697 561 2763 Animadvertendum
589 2708 650 2779 est,
683 2697 896 2763 collectionem
929 2700 1141 2782 scriptorum,
1174 2721 1258 2784 quae

138 2782 248 2846 codice
269 2792 380 2848 nostro
403 2784 620 2865 continentur,
651 2780 798 2850 a.1528.
827 2805 894 2847 non
916 2780 1006 2846 ultra
1033 2783 1256 2848 continuatam

138 2887 215 2949 esse,
237 2889 278 2932 eu
292 2889 356 2953 quo
370 2876 512 2952 tempore
527 2867 730 2931 commutatio
745 2865 806 2930 illa
822 2869 968 2931 auctoris
979 2867 1144 2952 fomunue
1156 2866 1258 2951 factu

138 2960 192 3015 est.
236 2950 340 3038 Atque
368 2974 457 3016 nunc
483 2951 611 3015 demum
636 2959 718 3015 recte
738 2950 921 3036 intelleqere
946 2973 1122 3035 possumus
1144 2953 1416 3020 uariasusuuuuae.

160 3035 266 3100 lassus
289 3035 329 3098 ab
353 3058 388 3099 eo
415 3037 451 3099 in
476 3037 646 3120 utriusque
668 3032 864 3099 collectionis
885 3039 1037 3120 marpine
1059 3036 1258 3120 adscriptas.

138 3059 233 3183 lutae
258 3121 463 3201 inimicitiae,
495 3141 578 3204 quae
606 3121 693 3183 inter
714 3119 837 3182 codicis
860 3129 1021 3184 auctorem
1043 3129 1072 3184 et
1092 3119 1258 3184 Albertum

134 3205 323 3288 principem
345 3203 587 3282 euercebantur,
610 3213 851 3288 coquoscuntur
865 3203 1075 3269 cavillatione
1096 3206 1259 3268 acerrima

138 3291 176 3352 iu
199 3289 387 3372 principem
408 3287 519 3372 fucta,
548 3310 631 3372 quae
658 3289 695 3351 in
716 3288 825 3352 codice
845 3288 1106 3374 Wirceburpensi
1132 3309 1167 3352 eo
1190 3287 1258 3354 loco

139 3373 318 3454 invenitur,
351 3375 414 3455 quo
446 3373 484 3436 in
516 3371 605 3435 breoi
635 3372 907 3457 Mopuntinorum
939 3374 1256 3457 archiepiscoporum

142 3455 300 3540 Catalopo
315 3455 354 3518 de
369 3456 511 3520 Rabuno
531 3456 777 3541 archiepiscopo
793 3457 872 3520 baec
887 3457 975 3520 elicta
990 3465 1084 3521 sunt:
1107 3455 1258 3540 Sepultus

139 3539 173 3602 in
195 3550 304 3604 monte
325 3539 358 3604 S.
375 3539 503 3622 Albani,
527 3539 584 3604 sed
606 3539 724 3604 dicitur
746 3559 862 3624 corpus
884 3562 977 3604 suum
1001 3561 1071 3605 esse
1093 3540 1126 3602 in
1141 3538 1258 3621 uulda,

140 3633 169 3689 et
192 3624 340 3688 additum
355 3634 401 3688 est
421 3625 458 3688 in
472 3627 642 3710 marpine:
665 3625 701 3689 Si
718 3624 780 3689 fuit
800 3627 834 3688 in
856 3636 964 3690 monte
980 3624 1013 3690 S.
1030 3623 1158 3706 Albani,
1181 3635 1258 3690 tuno

139 3707 293 3772 Albertus
314 3707 455 3773 marchio
471 3709 793 3792 Brundenburgensis
814 3730 897 3773 anno
914 3710 1006 3774 1514.
1028 3718 1175 3794 potenter
1193 3710 1258 3774 vio·

144 3883 171 3947 1)
192 3879 233 3947 Os.
253 3881 366 3933 Ioannis
385 3881 433 3932 ΙΙ.·
456 3882 499 3933 De
515 3881 633 3933 Decanis
654 3899 685 3948 p.
705 3883 767 3933 305.
855 3881 884 3949 2)
904 3881 944 3948 Cf.
963 3881 1075 3934 Ioannis
1094 3883 1119 3946 I,
1140 3900 1174 3948 p.
1193 3883 1257 3936 832.

143 3956 173 4020 3)
199 3955 226 4008 J.
247 3955 322 4022 May,
347 3955 485 4022 ‘Kurftirst
509 3954 632 4007 Albrecbt
656 3956 698 4006 Il.
730 3973 782 4007 uon
807 3955 900 4006 Maian
930 3957 986 4006 und
1013 3953 1189 4022 Mapdebwry’
1215 3956 1257 4019 ΙΙ,

139 4047 169 4096 p.
185 4029 227 4092 72,
254 4027 300 4080 ubi
318 4029 375 4080 sinc
393 4029 451 4080 ulla
470 4029 526 4080 alia
544 4027 733 4097 siqniflcatione
759 4029 795 4079 acl
814 4028 985 4080 ‘Maianiscbe
1003 4027 1258 4094 Domlcapitelalctcu'

137 4111 313 4169 provocatum
332 4110 378 4154 est.
410 4102 446 4153 In
465 4102 598 4153 tabulario
624 4101 829 4170 Wirceburpensi
846 4101 981 4154 inuenitur
990 4101 1144 4167 fasciculus
1164 4101 1257 4166 (Dom-

143 4175 242 4240 lrapitel
265 4175 300 4226 K.
327 4175 392 4242 278)
426 4175 578 4226 tabularum
602 4194 628 4227 a.
657 4177 735 4230 1529.
759 4176 933 4241 scriptarum,
965 4192 1032 4240 quae
1062 4176 1257 4226 intercessiones

143 4247 256 4300 continet
286 4266 304 4298 a
330 4247 499 4314 principibus
535 4249 686 4300 electoribus
719 4247 870 4300 Treuirensi
894 4257 918 4299 ct
947 4247 1069 4299 Palatino
1096 4250 1189 4313 factas
1222 4249 1258 4300 ad

143 4321 314 4387 suplicandos
350 4339 450 4373 errores
487 4323 556 4373 inter
581 4323 745 4374 cardinalem
775 4329 799 4372 et
831 4321 1053 4387 archiepiscopum
1084 4329 1107 4373 ct
1136 4323 1258 4374 ecclesiae

142 4395 274 4446 decanum
292 4393 462 4462 Moyuntinos
481 4402 558 4450 ortos.
633 4396 662 4462 4)
682 4395 793 4448 Ioannis
811 4395 853 4459 II,
867 4413 897 4461 p.
912 4395 974 4445 ³05.
