3090 4962
293 418 346 467 XII
612 417 819 468 CHRONIOON
837 416 1089 470 MOGUNTINUM.

291 585 394 649 lenter
423 592 459 648 ut
480 593 633 670 tyrannus
663 587 807 672 arripuit,
837 584 878 648 ad
901 584 976 650 Hall
999 585 1140 650 Saxonis
1163 585 1317 671 oppidum
1341 606 1410 671 per-

292 669 395 734 duxit.
439 670 493 734 Ad
515 671 650 734 eundem
672 674 781 735 vivum
804 671 989 735 adhortatio
1011 679 1136 754 spectat
1157 671 1263 756 dipna
1284 670 1409 735 decano
1523 709 1524 720 κ

292 763 321 816 et
352 755 478 818 vicario
510 755 660 819 ecclesiae
688 755 916 840 Mopuntinac,
950 777 1012 839 quo
1043 777 1175 818 munere
1209 754 1254 818 od
1282 763 1409 838 tempus

284 839 425 923 functus
448 849 503 919 est,
532 860 616 924 quae
637 839 673 902 in
696 840 847 923 marpine
874 838 1011 902 alterius
1032 837 1227 904 collectionis
1252 837 1409 904 Cbronici

291 922 482 1007 Mopuntini
503 945 538 987 eo
561 922 629 987 loco
651 925 819 987 invenitur
841 923 882 1006 (f.
901 923 988 1004 127),
1040 945 1082 987 uo
1104 931 1277 1005 narratur,
1322 945 1407 986 uem·

292 1006 623 1091 admodum‘Adolfus
640 1008 906 1092 archiepiscopus
927 1031 958 1071 a.
976 946 1067 1072 13i3.
1082 1016 1284 1072 contumaces
1332 1007 1409 1072 beni

292 1091 419 1155 accolas
444 1094 631 1174 puniverit;
664 1100 708 1155 est
731 1101 835 1155 autem
867 1092 1047 1156 admonitio
1074 1091 1169 1156 baec:
1202 1091 1253 1154 Tu
1281 1111 1408 1176 quoque

290 1174 341 1238 fac
360 1173 472 1255 simile,
495 1174 637 1256 Alberte,
660 1184 692 1238 et
713 1176 817 1256 vives3
840 1181 885 1238 ‘es
907 1197 987 1260 seyn
1009 1175 1086 1240 bbsz
1110 1174 1260 1240 bawem'.
1304 1176 1409 1241 Haud

292 1261 379 1323 mira
406 1262 503 1324 etiam
532 1260 696 1323 oebemens
725 1261 901 1324 inimicitia
922 1270 976 1341 est,
1008 1283 1074 1346 qua
1097 1269 1210 1324 auctor
1231 1259 1424 1324 Lutberum

292 1347 424 1428 eiusque
456 1352 628 1407 sectatores
659 1347 877 1430 persequitur,
917 1366 1001 1429 quae
1033 1366 1072 1407 eoo
1105 1344 1307 1409 carminibus
1338 1343 1408 1408 illis

291 1427 458 1492 maledicis
488 1436 523 1489 at
545 1450 583 1491 ue
611 1429 767 1492 conuiciis
796 1431 864 1492 iam
893 1452 1000 1514 supra
1029 1429 1140 1492 allatis
1162 1437 1312 1513 apparet.
1356 1428 1406 1492 Eo

292 1509 398 1576 autem
424 1511 493 1577 loco
518 1451 674 1578 dbronici
695 1513 895 1599 Mopuntini,
924 1535 987 1598 quo
1016 1513 1242 1577 condemnatio
1271 1520 1300 1576 ct
1326 1534 1406 1596 sup·

286 1597 427 1680 plicium
449 1596 487 1660 de
510 1597 681 1661 haereticis
701 1597 894 1682 Mopuntiae
916 1621 947 1660 a.
964 1597 1055 1663 1389.
1078 1620 1148 1662 sum
1173 1607 1241 1661 tum
1262 1618 1407 1659 narran-

289 1690 344 1745 tur
365 1679 406 1766 (f.
425 1679 514 1762 134),
535 1689 641 1744 uotum
655 1679 788 1764 factum
810 1690 874 1744 est:
898 1679 927 1746 Ο
949 1681 1071 1744 utinam
1093 1680 1156 1744 Lut
1179 1681 1283 1746 crenis
1305 1677 1408 1744 simile

290 1765 447 1830 eveniret!
481 1765 572 1828 1522.
615 1765 658 1828 Et
686 1786 785 1848 quam
813 1764 907 1828 ualde
939 1764 1044 1847 aliud,
1074 1767 1159 1851 quod
1180 1765 1237 1831 illo
1265 1773 1406 1848 tempore

291 1850 422 1930 accidit,
445 1847 558 1913 bellum
575 1851 785 1930 rusticorum,
808 1849 895 1934 quod
909 1859 1055 1932 uocatur,
1078 1853 1223 1914 animum
1238 1851 1309 1914 eius
1323 1871 1405 1912 com·

289 1935 438 2015 mouerit,
468 1942 610 2017 apparet
637 1955 677 1996 eoo
703 1933 761 1997 boc
789 1933 873 1996 dicto
903 1933 946 2016 (f.
968 1934 1046 2015 99).·
1082 1933 1178 1998 Anno
1203 1934 1293 1998 1525.
1331 1931 1406 1996 ‘Die

289 2016 386 2082 teufel
406 2018 439 2080 in
455 2015 511 2080 der
525 2015 584 2080 luft
598 2038 703 2080 waren
725 2015 787 2080 alle
802 2019 836 2081 in
851 2016 903 2082 die
919 2017 1047 2083 bawern
1062 2017 1191 2082 kumen'
1207 2057 1247 2066 -
1262 2017 1409 2081 doctrina

203 2164 207 2172 ,
288 2101 420 2166 Martini
433 2099 555 2165 Luther
568 2100 644 2166 mali
658 2100 805 2182 hominis,
825 2112 854 2165 et
868 2123 908 2164 eoo
923 2102 1168 2186 reclamatione,
1184 2101 1307 2190 quaes
1323 2101 1405 2166 264‘.

288 2189 474 2250 inuenitur:
496 2183 536 2250 ‘O
557 2185 586 2248 ir
607 2185 704 2249 tollen
727 2184 888 2250 bewernt'

375 2270 565 2355 Ceteroquin
588 2281 702 2334 auctor
729 2272 829 2335 buius
857 2270 992 2336 alterius
1021 2269 1217 2336 collectionis
1244 2269 1405 2354 euempla·
1522 2307 1524 2326 ι

288 2354 380 2419 ribus
393 2375 505 2439 pauca
527 2357 597 2440 ipse
620 2355 750 2438 adiecit,
771 2354 939 2420 nonnullis
960 2355 1040 2420 locis
1056 2357 1287 2440 inscriptiones
1303 2355 1407 2420 colore

288 2439 387 2504 rubro
414 2439 463 2503 uel
491 2441 648 2522 epitomas
676 2440 827 2520 inseruit,
856 2462 968 2504 uersus
990 2438 1165 2504 nonnullos
1193 2443 1297 2504 rubra
1317 2439 1405 2504 lirosa

288 2525 457 2604 instrunit,
484 2525 647 2587 interdum
677 2523 869 2588 uocabulum
892 2525 1043 2588 omissum
1065 2525 1207 2605 addidit,
1234 2547 1313 2588 raro
1335 2547 1405 2588 cor-

288 2617 421 2690 ruptum
443 2608 635 2672 emendavit.

371 2855 471 2918 Nunc
495 2853 540 2916 ad
564 2852 811 2918 Obronicum
833 2853 1120 2939 Mopuntinum
1148 2856 1290 2935 transeo,
1319 2855 1407 2940 quod

174 2939 189 3026 J,
227 2939 256 3027 ι’·
287 2948 449 3003 seruatum
463 2939 587 3002 decano
603 2937 780 3001 Laurentio
799 2938 970 3002 Trucbsess
985 2961 1044 3002 nos
1059 2938 1252 3002 debereiam
1268 2947 1404 3003 constat.

379 3022 532 3108 anparis
555 3022 734 3105 appellatio
760 3021 915 3087 Oleronici
936 3023 1129 3108 Mopuntini
1151 3023 1306 3086 lacten-us
1328 3023 1401 3088 ideo

288 3116 415 3171 tantum
425 3105 605 3190 probanda
627 3115 682 3186 est,
705 3106 792 3190 quod
808 3116 923 3171 auctor
937 3107 1130 3193 Mopuntiae
1146 3109 1291 3190 scripsit,
1314 3117 1343 3170 et
1364 3129 1404 3172 ero

289 3193 351 3255 bac
365 3192 495 3254 ciuitate
517 3213 568 3253 res
589 3213 648 3254 suo
671 3199 811 3275 tempore
832 3214 936 3276 prope
958 3201 986 3255 et
997 3191 1117 3275 procul
1131 3202 1238 3277 pectas
1252 3191 1404 3260 tradidit.

372 3275 496 3339 Eorum
518 3296 653 3360 quoque,
680 3297 763 3360 quae
785 3297 825 3338 en
842 3277 1033 3358 praeteritis
1054 3276 1252 3360 temporibus
1274 3286 1405 3361 sumpto

285 3361 475 3443 praemittit,
493 3381 605 3444 parua
628 3359 673 3422 ad
695 3359 902 3444 Mopuntiam
923 3361 1031 3445 ipsam
1048 3363 1191 3444 pertinet
1208 3384 1303 3446 pars,
1327 3362 1404 3446 plu·

289 3445 375 3506 rima
406 3452 512 3506 autem
543 3443 588 3506 ad
616 3443 786 3508 bistoriam
818 3453 876 3507 out
904 3447 1002 3510 totius
1036 3445 1123 3510 orbis
1154 3454 1316 3511 terrarum
1347 3455 1406 3510 aut

287 3528 421 3627 imperii
444 3526 634 3591 Germanici
656 3529 808 3608 attinent,
831 3537 859 3593 et
881 3551 921 3592 erc
942 3531 986 3594 iis
999 3527 1155 3613 fontibus
1178 3531 1296 3595 lausto
1318 3538 1405 3611 sunt,

289 3633 345 3697 qm
380 3614 410 3677 ei
435 3621 568 3696 praesto
601 3623 704 3675 erant.
754 3612 889 3676 Initium
908 3613 1040 3696 factum
1068 3623 1113 3678 est
1142 3636 1181 3677 en
1210 3615 1298 3678 brevi
1322 3635 1403 3698 pas·

288 3696 466 3781 sapiorum,
495 3705 531 3759 ut
559 3695 725 3776 dicuntur,
753 3698 1006 3762 christianorum
1029 3699 1065 3762 in
1090 3701 1221 3762 Terram
1245 3697 1402 3763 Sanctam

289 3781 356 3845 sioc
384 3803 557 3845 sacrarum
587 3781 832 3865 eupeditionum
854 3781 1071 3867 descriptione
1093 3790 1121 3846 et
1146 3783 1293 3867 lonpiore
1323 3783 1404 3847 obsi-

288 3865 399 3930 dionis
422 3866 742 3950 oppupnationisque
762 3865 935 3930 Damietae
957 3867 1161 3946 narratione,
1183 3889 1325 3950 quarum
1342 3865 1404 3930 illa

289 3949 335 4012 acl
356 3949 483 4012 verbum
505 3958 551 4012 est
572 3949 738 4033 descripta
760 3971 800 4012 eoo
820 3950 1027 4014 Narratione
1044 3951 1262 4034 patriarchae
1284 3951 1401 4016 Hiero·

288 4031 491 4118 solymitani,
530 4056 613 4119 quae
641 4035 678 4098 in
707 4034 867 4099 Martenii
895 4044 923 4098 et
953 4035 1113 4098 Durandi
1144 4035 1309 4098 lbesauro
1338 4035 1402 4118 III,

282 4141 320 4202 p.
342 4116 530 4182 282-287.
562 4119 649 4204 tppis
678 4139 835 4202 supressa
867 4129 896 4183 et
927 4141 987 4204 per
1014 4141 1155 4184 errorem
1181 4118 1262 4184 liber
1288 4121 1403 4184 tertius

288 4201 456 4267 Historiae
477 4200 653 4266 Orientalis
668 4202 780 4267 Iacobi
794 4204 833 4266 de
852 4204 992 4268 Vitriaco
1008 4207 1197 4268 nominatus
1211 4213 1275 4285 est,·
1298 4203 1403 4268 altera

288 4296 394 4351 autem
415 4288 568 4350 narratio
590 4287 629 4350 de
652 4287 818 4352 obsidione
840 4289 1012 4353 Damietae
1035 4288 1228 4354 adverbum
1250 4298 1403 4374 excerpta

287 4379 332 4434 est
361 4392 401 4434 ea
430 4370 574 4455 epistolis
603 4371 694 4439 1-4.
725 4371 764 4436 ab
793 4373 900 4437 eodem
922 4372 1038 4438 Iacobo
1067 4373 1113 4438 od
1137 4396 1267 4459 papam
1290 4375 1402 4439 Hono-
