3076 4964
139 601 176 654 V.
187 604 237 646 110.

145 3179 182 3234 ’,1,
192 3183 251 3226 140¹.

184 3243 250 3286 1897.

249 327 283 378 72
431 325 639 378 CHRONIOON
657 324 912 376 MOGUNTINUM.
948 324 981 377 Α.
1006 324 1083 374 1897.
1107 322 1185 374 1398.

248 517 322 558 oum
343 492 560 560 cardinalibus
581 492 706 578 recepit
733 513 772 556 ac
794 513 869 556 eum
891 491 932 556 ad
953 489 1054 577 pedes
1076 512 1152 555 suos
1174 511 1248 554 cum
1269 487 1373 552 cardi-

247 577 375 643 nalibus
403 587 435 643 et
462 579 546 642 inter
574 597 630 642 eos
658 574 770 641 sedere
798 575 893 641 *fecit
921 585 953 639 et
978 576 1086 640 locum
1113 574 1248 640 sedendi
1267 571 1373 654 dedit;

248 661 481 748 auditaitaque
496 657 707 745 suplicatione
729 681 788 724 sua
810 670 842 725 et
855 659 1010 725 electione
1033 656 1374 746 quomodo,oelebrata

248 747 346 812 fuerit
373 755 405 812 et
432 742 577 831 qualiter,
608 765 721 809 aurem
747 766 768 808 a
794 743 924 810 decreto
950 742 1114 808 electionis
1143 743 1374 808 canonicorum

248 830 549 916 Magunfinensirnn
569 830 686 894 avertit
706 849 833 894 necnon
854 826 999 913 predicto
1021 825 1152 892 domino
1173 827 1311 891 Iohanni
1331 825 1374 890 de

249 914 385 979 Nassavv
400 913 440 978 de
455 911 593 977 ecclesia
606 911 848 998 Maguutinenn‘
862 912 1012 1010 providit,
1034 922 1066 977 et
1080 909 1231 1002 simplum
1247 931 1374 975 camere

249 1020 309 1085 pro
337 995 450 1064 eudem
479 996 664 1096 ppovisione
689 997 826 1082 recepit,
855 1017 947 1060 curus
973 996 1016 1061 du
1041 993 1107 1059 lum
1135 989 1401 1082 pars‘advers?
1514 1069 1516 1074 ,

250 1103 311 1169 pro
337 1081 580 1146 confirmatione
605 1079 742 1145 libenter
770 1101 825 1144 ero
849 1090 944 1145 asset
1023 1089 1160 1166 actaque
1190 1089 1240 1144 est
1261 1077 1375 1145 eadem

251 1166 394 1253 provisio
416 1163 547 1228 domino
569 1162 706 1228 Iohanni
726 1185 811 1228 anno
826 1101 885 1227 il.

336 1249 464 1334 Expost
492 1247 624 1333 quidam
655 1246 785 1313 curialis
814 1248 944 1312 nomine
966 1247 1184 1312 Theodericus
1206 1244 1376 1327 Burtiuck,
1392 1265 1411 1284 ²

251 1333 356 1398 bonus
367 1333 557 1414 baratrator,
571 1332 690 1396 missus
706 1332 747 1396 ad
762 1331 884 1396 curiam
899 1353 959 1416 per
972 1330 1138 1396 dominum
1153 1330 1231 1395 doL
1252 1312 1377 1429 'ingen

252 1415 390 1482 electum
423 1415 464 1480 ad
492 1415 732 1500 impediendam
758 1415 985 1502 provisionem,
1018 1413 1132 1478 callido
1161 1425 1193 1480 et
1219 1352 1379 1480 libenter

254 1510 366 1565 contra
388 1499 555 1564 dominum
569 1499 746 1565 Iohannem
768 1500 936 1584 provisum
956 1497 1058 1564 multa
1077 1499 1198 1564 ficticia
1218 1508 1251 1564 et
1271 1519 1377 1583 nugas

252 1583 441 1649 falsissimas
474 1584 689 1668 excogitavit,
722 1585 884 1668 quomodo
916 1585 1024 1668 ipsum
1056 1605 1078 1646 a
1105 1605 1164 1648 sua
1192 1583 1378 1670 provisione

253 1677 453 1750 amoveret13
475 1666 559 1732 dixit
580 1668 667 1732 enim
681 1667 895 1732 creditoribus
909 1667 1113 1749 Lumbardis,
1135 1667 1223 1752 quod
1244 1667 1378 1732 omnino

255 1775 319 1839 pau
344 1774 379 1816 er
400 1761 486 1816 esset
506 1751 702 1836 inpartibus
723 1773 784 1816 nec
806 1749 939 1816 haberet
960 1751 1095 1834 solvere,
1119 1749 1208 1837 quod
1221 1751 1379 1831 viderent,

255 1775 343 1923 quod
370 1834 612 1919 noneffugeret
632 1856 746 1899 manus
774 1856 895 1917 corum,
923 1845 955 1900 et
976 1835 1076 1900 nichil
1096 1836 1284 1920 reciperent
1328 1833 1381 1898 Illi

255 1941 384 2005 semper
403 1918 573 1984 noluerunt
593 1919 725 1984 credere
743 1919 850 1984 verbis
871 1920 938 1984 suis
983 1920 1075 1983 rimo.
1118 1919 1196 1984 Post
1219 1941 1294 1983 uam
1317 1918 1381 1983 hoc

254 2004 347 2084 vidit,
377 2001 464 2088 quod
493 2023 557 2066 non
567 2001 726 2150 profecit,
755 2004 931 2088 spopondit
951 1941 1013 2068 illis
1034 2001 1173 2068 florenos
1195 1941 1268 2086 300,
1290 2001 1380 2088 quod

255 2086 419 2152 traherent
429 2087 565 2170 ipsuma
1331 2087 1338 2101 '

600 2085 793 2172 Capitolium
808 2107 868 2172 pro
883 2085 993 2152 debito
1007 2108 1066 2151 suo
1078 2088 1163 2150 -in
1178 2087 1277 2150 finem
1288 2107 1380 2150 curus
1402 2147 1425 2154 -

256 2191 322 2234 non
343 2169 461 2250 scribo,
489 2167 547 2233 sed
573 2171 644 2256 ipse
666 2170 728 2246 scit
754 2179 786 2234 et
806 2171 902 2261 suffit
924 2171 980 2257 qui
1000 2172 1195 2256 procuravit.
1239 2171 1380 2236 Sanctus

255 2262 364 2318 tamen
385 2253 545 2317 Martinus
566 2253 710 2320 futurum
731 2252 923 2340 fidelemque
945 2277 1041 2318 suum
1055 2254 1257 2341 capellanum
1279 2254 1381 2319 domi-

255 2359 335 2402 num
363 2335 541 2402 Iohannem
560 2338 739 2437 premuniri
759 2339 922 2486 permisit3
944 2338 1056 2424 fugam
1078 2340 1158 2420 iniit,
1185 2339 1381 2426 perdecem

257 2421 325 2486 dies
348 2420 497 2486 omnibus
519 2443 586 2486 surs
608 2421 759 2486 familiari
783 2444 820 2487 us
835 2423 1019 2507 incognitus
1040 2423 1111 2504 fuit,
1136 2445 1241 2509 usque
1262 2422 1382 2488 veritas

258 2514 370 2570 contra
392 2504 514 2569 dictum
529 2503 916 2571 Burtincld‘enuberavita
938 2515 969 2572 et
989 2507 1178 2593 propalatab
1201 2529 1260 2593 per
1281 2516 1384 2572 totam

257 2590 394 2652 Romam
415 2587 486 2654 fuit.
529 2589 574 2653 Et
593 2589 680 2654 idem
700 2589 849 2654 dominus
865 2589 1025 2656 Iohannes
1047 2599 1120 2656 ante
1142 2591 1266 2657 exitum
1289 2611 1384 2654 suum

258 2672 299 2738 de
320 2673 478 2736 Romaiu
499 2681 658 2759 prompta,
671 2676 809 2760 pecunia
829 2673 960 2739 domino
974 2673 1151 2774 apostolico
1173 2697 1231 2740 seu
1253 2695 1381 2738 camere

257 2777 276 2819 a
300 2753 443 2836 ostolice,
464 2748 658 2822 Lumbardis
673 2757 884 2823 creditoribus
906 2767 938 2822 et
959 2758 1030 2822 alris
1045 2758 1196 2824 omnibus
1217 2758 1383 2824 satisfecit.

288 2840 322 2904 ui
348 2840 382 2902 in
411 2839 558 2923 ingressu
586 2852 619 2906 et
646 2863 780 2926 egressu
812 2841 963 2906 dominus
990 2841 1239 2908 Mediolanensis
1265 2841 1383 2906 multas

259 2921 457 2988 curialitates
478 2922 564 2988 lecit.
606 2925 646 2988 Iu
667 2923 773 2991 reditu
793 2947 852 3011 per
870 2925 993 2992 emulos
1014 2948 1089 2990 suos
1110 2925 1227 2991 multas
1248 2925 1383 2990 iusidias

258 3005 382 3088 habuit,
404 3015 519 3106 tamen·
532 3015 614 3072 nutu
628 3007 692 3074 Dei
714 3030 842 3094 semper
864 3011 966 3076 evasit
987 3032 1026 3075 ac
1043 3032 1141 3076 sanus
1163 3020 1196 3077 et
1209 3009 1319 3076 hilaris
1341 3010 1385 3076 ad

258 3100 368 3177 partes
389 3101 545 3175 pervemt.

344 3171 457 3238 *Anno
472 3175 524 3238 97.
545 3173 654 3240 literas
676 3174 870 3262 apostolicas
892 3186 924 3242 et
968 3176 1077 3242 allium
1099 3201 1210 3244 secum
1256 3179 1384 3260 ortavit,

260 3255 379 3343 quibus
409 3257 625 3324 mediantibus
651 3199 1066 3327 hominesvtinobedientes
1093 3271 1125 3326 et
1152 3202 1288 3328 rebedes
1316 3271 1384 3327 tam

261 3338 441 3426 spirituales
463 3362 559 3426 quam
582 3341 740 3408 seculares
754 3345 868 3428 vigore
891 3347 1063 3412 earundem
1077 3346 1240 3412 literarum
1278 3347 1384 3411 rivare

260 3425 395 3510 potuit².
443 3423 553 3490 Lectis
578 3425 678 3491 literis
699 3427 982 3534 apostolicisnpars
1010 3452 1075 3493 una
1096 3432 1229 3516 capituli
1303 3453 1384 3516 guu-

262 3613 651 3667 ulrice.,·exsuperav1tlocnnie
666 3617 738 3657 minue
753 3622 808 3657 reete
823 3617 948 3660 emendavit.
1001 3618 1026 3672 h)
1042 3622 1164 3687 propelpta
1178 3633 1197 3665 e.
1248 3619 1270 3674 c)
1288 3621 1319 3664 W.
1335 3621 1386 3672 lepis

263 3675 346 3716 literis.
361 3701 362 3705 ,

298 3727 325 3762 V

266 3819 293 3885 1)
313 3820 353 3887 Cy.
364 3819 498 3888 Bonifatii
510 3821 560 3874 IX.
574 3821 709 3888 epistolem
722 3841 748 3876 a.
764 3826 843 3888 1397,
862 3825 916 3876 Iul.
931 3828 974 3890 17,
989 3846 1032 3895 ap.
1047 3829 1189 3882 Gndenrm
1202 3831 1260 3896 III,
1275 3849 1306 3898 p.
1320 3831 1385 3884 637.
1438 3883 1442 3890 ,

264 3892 302 3946 sic
319 3893 499 3960 incipientem:
523 3896 600 3960 Quia,
624 3901 654 3945 ut
673 3897 844 3962 displicenter
863 3902 1038 3967 percepimus,
1057 3904 1238 3957 Theodericus
1257 3906 1386 3967 Buttinck

264 3969 407 4018 nonnullas
434 3968 537 4018 litteras
562 4009 568 4022 .
595 4008 601 4022 .
630 3971 760 4020 nonnulla
786 3972 856 4022 falsa
882 3978 909 4024 et
936 3976 1066 4027 mendosa
1094 3978 1263 4030 continentes
1291 3971 1388 4031 centra

264 4041 443 4092 venerabilem
469 4040 577 4091 fratem
604 4047 723 4093 nostrum
749 4044 898 4096 Iohannem
925 4048 1041 4114 archiep.
1069 4051 1157 4115 Mog.,
1186 4067 1219 4102 ac
1247 4053 1327 4104 etiam
1355 4053 1387 4101 in

265 4129 391 4178 magnum
415 4115 586 4178 opprobrium
604 4121 737 4181 nostrum,
763 4118 799 4167 ad
816 4119 890 4184 ipsas
908 4127 999 4186 partes
1017 4126 1157 4174 temerarie
1177 4125 1320 4178 destinavit
1338 4133 1386 4176 ete.

266 4184 295 4251 2)
316 4183 454 4236 Indnltnm
471 4187 610 4253 Bonifccii
628 4187 679 4237 IX.
699 4204 848 4242 concessum
865 4192 983 4245 Iohanni
1002 4195 1043 4249 Il.
1064 4198 1179 4264 archiep.
1200 4199 1270 4266 Moy.
1293 4206 1387 4250 contra

265 4273 354 4310 omnes
367 4257 419 4324 ipsi
431 4259 537 4311 rebelles
550 4260 583 4312 de
597 4277 621 4311 c.
635 4260 713 4324 1397,
727 4259 781 4312 Inl.
794 4265 818 4327 7,
834 4282 859 4317 v.
873 4265 1038 4332 Wrtrdtwein,
1053 4269 1133 4322 Nova
1146 4271 1216 4324 anda
1227 4271 1269 4336 II,
1279 4289 1310 4338 p.
1323 4271 1389 4324 326.
