3076 4964
318 384 527 436 cflnomcou
544 383 797 436 MOGUNTINUM.
834 385 868 436 A.
889 383 969 435 1³94.
990 383 1070 437 loos.
1229 385 1267 436 67

141 523 325 629 cosbsfiex
344 551 565 617 Romanorum
586 559 618 616 et
630 550 848 616 Bobemorum
869 551 1088 636 Wentzisslaus
1109 554 1143 616 in
1163 575 1264 638 regno

141 657 199 700 suo
215 637 355 723 'proprio
383 659 404 700 e
430 637 496 700 suis
525 635 662 702 subditis
691 643 724 701 et
751 637 995 722 consanguineis
1015 636 1077 700 suit
1097 646 1211 724 captus
1232 645 1266 702 et
1305 681 1307 685 ,

27 801 31 806 ⁵
140 719 288 786 detentus
317 728 350 784 et
377 718 504 785 aliunde
527 719 717 803 deductus13
745 727 942 806 quapropter
967 719 1060 784 multi
1081 721 1167 786 cives
1188 721 1264 786 Pra-

141 804 1177 974 gffifflffiellmslissllnil'tldiidldieliiee2
1198 911 1293 958 ω...
1338 919 1352 960 .

140 970 219 1037 cella
238 971 390 1120 Mespora
407 971 578 1058 Msgsmcie
600 993 674 1036 cum
692 970 853 1058 aliquibus
874 970 943 1036 aliis
958 971 1107 1038 domibus
1120 972 1264 1038 funditus
1283 929 1323 1054 ,Μ

140 1063 215 1120 sunt
236 1077 307 1120 com
328 1063 410 1120 uste.

223 1138 319 1204 Anno
364 1146 508 1204 renotato
529 1139 601 1225 ipso
623 1138 675 1204 dic
697 1141 800 1204 sancti
813 1139 1010 1204 Bartolomei
1029 1139 1167 1226 apostoli
1181 1139 1330 1219 don-ac.
1339 1169 1378 1211 u.

139 1222 238 1288 radus
267 1221 308 1286 de
373 1222 507 1308 inssberg
534 1222 794 1322 archiepiscopus
821 1223 1036 1308 Meguntiacs
1063 1223 1263 1310 pesclorum

140 1314 173 1371 et
193 1307 280 1371 cives
301 1305 515 1391 Maguatinoa
537 1305 710 1372 hononfiee
732 1315 781 1372 est
801 1314 978 1392 susceptus.
1289 1363 1346 1406 ηπ

224 1390 320 1454 Anno
342 1399 402 1454 eto.
416 1392 624 1476 nonagesimo
641 1391 752 1476 quinto
773 1392 808 1454 in
829 1398 929 1455 estate
950 1392 1036 1455 cirea
1054 1390 1170 1456 festum
1186 1413 1326 1477 pen-1105,
1336 1391 1375 1466 ὃ),

140 1481 284 1538 teoosten
311 1474 434 1558 grando
463 1475 510 1538 ita
535 1473 724 1538 universalis
752 1475 787 1538 in
807 1473 916 1558 multis
936 1473 1151 1558 looisfvenit,
1181 1477 1367 1570 sichst.

138 1539 344 1622 nostn's‘tem
369 1557 479 1623 oribus
501 1557 543 1623 ali
566 1540 1074 1650 ua‘memjuitetasssjnmfuno
1096 1566 1129 1623 et
1149 1559 1263 1623 eodem
1334 1565 1338 1570 ’
1383 1591 1435 1608 --

207 1664 245 1706 ca
268 1663 319 1706 em
339 1579 401 1704 &il
420 1665 454 1705 m
469 1640 516 1708 Uo
562 1641 685 1723 nensis,
706 1643 741 1704 in
754 1641 906 1724 Wesolia,
927 1641 985 1707 ubi
1004 1643 1131 1727 penitus
1153 1663 1264 1707 omnes

139 1723 289 1823 palmites
308 1726 473 1790 vinearum
496 1775 503 1790 .
527 1775 535 1790 .
556 1727 591 1788 in
612 1725 795 1810 Ringkavia
819 1725 924 1790 tribus
948 1725 1002 1789 vel
1021 1734 1159 1810 quatuor
1179 1725 1263 1790 villis

139 1831 173 1872 m
194 1831 268 1873 rure
288 1808 491 1908 Magantiao,
511 1808 660 1874 videlicet
682 1807 893 1894 Gugenheim,
923 1807 1143 1892 Sawelnheim
1171 1810 1264 1875 Wer-

140 1891 234 1974 stadt,
257 1892 488 1978 Heysmheim³
510 1902 542 1958 et
556 1895 590 1956 in
603 1892 712 1956 multis
726 1891 809 1958 villis
824 1893 1067 1973 circumvicinis,
1088 1894 1166 1958 item
1179 1892 1265 1958 sdtra

138 1975 286 2041 Rhenum
313 1977 349 2040 in
377 2025 384 2042 .
412 2026 420 2042 .
451 2026 460 2042 .
486 1977 738 2061 int'Kamborg⁴
766 1985 799 2041 et
825 1975 1000 2063 quamlibet
1024 1974 1094 2040 aliis
1116 1975 1263 2062 pluribus

139 2059 227 2144 locis,
258 2081 319 2145 que
342 2062 450 2126 omnia
477 2059 672 2146 adplenum
695 2060 833 2126 scribere
852 2082 988 2146 nequeo,
1010 2069 1043 2124 et
1064 2068 1194 2125 cunctas
1215 2081 1263 2126 se

140 2152 229 2228 getes
257 2145 440 2228 prostravit.
495 2145 540 2208 Et
566 2144 600 2207 in
632 2143 715 2208 valle
743 2144 832 2230 apud
864 2153 1003 2209 castrum
1029 2143 1262 2230 Weltirsberg⁸

139 2233 230 2292 'tenta
248 2226 418 2292 inundacio
439 2249 596 2313 equarum
616 2228 732 2309 extitit,
760 2226 847 2312 quod
867 2235 978 2312 pastor
997 2249 1168 2299 vaccarum
1189 2249 1263 2293 cum

139 2309 248 2375 multis
275 2311 382 2375 vaccis
409 2311 560 2375 inuenit&
610 2310 735 2376 Estimo
763 2311 857 2393 enim,
888 2309 976 2396 quod
997 2331 1094 2376 causa
1114 2311 1263 2376 alienon

140 2393 236 2459 fueiit
256 2394 303 2458 rei
316 2396 494 2480 prescripte
515 2395 578 2456 nisi
598 2395 666 2458 vite
686 2395 850 2460 hominum
872 2443 880 2459 .
904 2443 911 2458 .
933 2399 1139 2479 perversa'⁴et
1154 2416 1191 2458 su
1215 2417 1262 2459 er-

140 2477 195 2544 bia
215 2478 329 2563 priscis
343 2477 542 2626 tempplribus
556 2478 669 2542 invisa.
711 2477 793 2542 Item
807 2475 859 2542 die
874 2479 1051 2577 prescripto
1073 2501 1187 2563 agrem
1212 2479 1262 2544 'c
1297 2497 1300 2501 ’

6 2534 172 2720 desumet
192 2570 383 2660 tempestate
428 2563 435 2577 ’
460 2561 569 2646 cjnde
590 2560 682 2625 multi
702 2561 847 2626 homines
867 2571 986 2627 mo1tu1
1006 2571 1089 2646 sunt,
1112 2571 1144 2628 et
1165 2563 1262 2628 turris

70 2679 122 2719 am,
139 2645 322 2710 fiimisuma
342 2645 431 2731 apud
453 2645 606 2712 Sanctum
629 2643 768 2710 Goarem
790 2643 952 2710 desbucta
972 2655 1029 2710 est.

223 2729 318 2794 Anno
354 2731 532 2816 prescripto
567 2731 639 2816 ipso
676 2728 728 2794 die
762 2730 955 2795 inventionis
991 2731 1092 2795 sancti
1128 2729 1355 2806 Steffanisoa.

139 2814 294 2906 martyiis
316 2814 432 2878 iterum
454 2837 496 2880 ex
517 2815 728 2900 permissione
749 2812 859 2878 divina
902 2813 1011 2878 uidam
1032 2821 1156 2878 torrens
1178 2815 1262 2879 circa

139 2896 380 2983 completorium
400 2899 489 2964 venit
510 2907 542 2962 et
561 2897 676 2962 multas
698 2896 810 2962 domos
832 2905 865 2962 et
881 2837 998 2963 borma
1022 2898 1057 2961 in
1077 2895 1154 2962 villa
1173 2896 1262 2962 Hex-

138 2979 224 3046 heim
246 2989 278 3045 et
298 2982 332 3044 in
353 2980 516 3048 Zalbach⁶
538 3003 612 3046 cum
625 2980 721 3047 blado
743 2980 886 3064 deduxit,
909 2983 955 3047 ito
976 2981 1064 3067 quod
1084 2982 1119 3046 in
1139 2980 1261 3046 eisdem

138 3064 235 3128 nichil
254 3065 317 3128 nisi
338 3064 457 3129 fimdus
478 3067 605 3130 mansit.
643 3066 681 3128 In
705 3065 818 3130 eodem
838 3073 978 3130 torrente
997 3065 1141 3130 homines
1163 3087 1260 3151 quam

20 3190 23 3195 -
137 3147 255 3234 plures,
290 3151 373 3235 equi,
406 3151 496 3232 asini,
526 3171 633 3231 vacce,
655 3150 755 3235 porci,
777 3148 858 3234 pulli
879 3158 911 3214 et
930 3147 1104 3213 multorum
1125 3148 1260 3214 aliorum

138 3231 322 3296 animalium
347 3255 467 3317 genera
492 3234 664 3318 perierunt.
711 3232 756 3296 Et
782 3231 895 3298 eadem
923 3254 1009 3319 aqua
1028 3232 1281 3306 inestimabiles„

138 3313 314 3402 dampnum
344 3316 536 3382 monialibus
571 3319 606 3380 in
640 3314 764 3380 Dolen⁷
800 3315 950 3380 intulerat
992 3325 1025 3381 et
1060 3316 1184 3382 sculteti
1219 3315 1260 3382 de

139 3397 354 3484 Oppenheym
375 3409 480 3464 ortum
501 3402 618 3485 pastim
639 3399 739 3464 eciam
761 3399 929 3465 destruxit.

222 3481 304 3546 item
333 3505 416 3547 anno
437 3485 667 3569 prenominato,
694 3482 842 3548 videlicet
867 3485 918 3566 95,
946 3482 1049 3548 clerus
1069 3481 1260 3548 Frunckfor-

138 3564 247 3630 densis
283 3588 343 3652 pro
374 3565 520 3632 libertate
555 3589 614 3631 sua
649 3565 862 3631 ecclesiastica
892 3589 951 3652 per
982 3565 1083 3631 multa
1115 3575 1260 3632 temore

138 3650 401 3716 amissas-‘snm
428 3649 544 3716 tostum
571 3651 804 3736 assumpcionis
831 3649 969 3734 glosiose
996 3651 1136 3738 virginis,
1192 3651 1259 3716 arie

1268 3639 1304 3692 *1.
1312 3645 1363 3688 187.

1268 3703 1324 3754 Assy.
1335 3703 1372 3746 15.

136 3820 160 3874 a)
177 3822 268 3882 intortis
282 3834 300 3864 c.
362 3820 386 3875 t)
400 3823 580 3889 meuttmabilpm
594 3835 612 3863 c.
673 3822 696 3876 c)
711 3824 821 3864 ammius
834 3835 852 3866 c.

235 3883 258 3921 .=‘
524 3893 588 3930 φ

138 3971 167 4039 1)
191 3971 335 4028 wenceslai
352 3972 495 4041 eaptivitas
518 3974 581 4026 inde
600 3974 633 4026 cb
652 3974 696 4026 dic
715 3974 740 4028 8.
759 3992 794 4026 m.
814 3973 884 4026 Maii
907 3989 991 4039 caque
1014 3973 1052 4024 ud
1072 3971 1206 4024 sesamam
1223 3989 1258 4026 m.

136 4044 205 4113 Any.
225 4047 343 4099 duravit.
418 4047 448 4113 2)
468 4046 509 4113 ty.
523 4045 620 4099 OEsroc.
633 4046 718 4098 [Amo.
739 4065 760 4099 c.
776 4047 836 4098 182.
906 4049 935 4112 3)
954 4045 1011 4098 Vici
1028 4046 1058 4097 in
1072 4045 1176 4098 Hmsic
1188 4045 1258 4098 Boe-

137 4117 221 4172 nemi.
258 4118 432 4184 Heisinbeim,
456 4137 527 4172 nime
550 4119 720 4172 Heideabeias
747 4121 784 4172 od
799 4119 930 4173 Rhenum.
1004 4119 1034 4186 4)
1053 4119 1119 4170 Urbs
1137 4119 1167 4170 iu
1187 4118 1258 4170 Nae·

137 4191 213 4243 socia
232 4194 268 4244 ad
279 4194 312 4260 sl.
325 4193 398 4246 Enna
449 4192 479 4260 b)
498 4193 669 4261 Wcltcrsbwry
686 4193 717 4244 ia
734 4195 840 4262 νομίσω
855 4193 1039 4246 Wosoasemt.
1099 4189 1130 4258 ὃ)
1147 4191 1258 4244 Hecbts-

137 4263 206 4316 heim
225 4273 251 4318 et
268 4266 406 4318 thlbccb
419 4284 507 4334 prope
525 4266 702 4335 Moyamta'cm.
779 4264 808 4333 ’1)
827 4266 1019 4319 Moncsterium
1037 4264 1165 4318 Dalbeim
1183 4265 1259 4332 opud

136 4337 281 4390 thlbcot.

987 4441 1025 4489 5*
