3076 4964
233 351 236 356 Ι
323 386 531 438 CHRONIOON
549 385 802 438 MOGUNTINUM.
840 387 973 440 aleas.
997 387 1075 438 1100.
1229 389 1265 438 77

151 598 153 602 -
222 555 305 618 Item
326 554 441 618 eodem
463 575 546 618 anno
569 553 718 618 dominus
740 552 926 618 Bonifacins
948 554 1049 618 Rome
1071 536 1166 619 urbis
1200 577 1264 643 apa

138 637 275 703 eandem
296 638 410 703 urbem
431 639 548 722 partim
563 636 679 701 callide
700 639 818 724 partim
830 647 981 736 potenter
995 637 1057 702 sibi
1079 649 1111 704 et
1129 579 1264 706 ecclesie

138 721 355 808 subiugavit1,
388 722 475 809 quod
504 743 524 785 a
553 722 780 786 constitutione
809 721 953 786 e1usdem
981 723 1071 788 urbis
1098 745 1202 809 usque
1229 725 1263 787 in

87 740 318 955 [presentem
333 807 421 874 diem
442 815 475 870 et
491 815 621 892 tempus
642 827 708 870 non
729 817 779 882 est
792 807 952 890 auditum,
977 808 1185 893 burgensium
1207 829 1264 872 seu

168 912 186 955 o

442 882 473 901 N

188 912 357 954 manorum
389 889 431 954 ali
455 911 514 954 uos
522 885 774 971 exactionavifi
803 888 927 974 aliquos
957 893 1064 976 capite
1089 893 1262 974 truncavit,

160 974 296 1040 uosdam
319 973 417 1039 exilio
434 911 607 1059 damnavit
628 973 807 1039 secundum
829 995 959 1038 omnem
982 976 1032 1039 sui
1054 975 1264 1057 voluntatem,

136 1068 149 1122 t
174 1081 306 1123 esauros
328 1060 474 1144 ipsorum
496 1059 626 1144 recepit,
654 1067 796 1123 castrum
820 1057 933 1123 Sancti
954 1059 1073 1143 Angeli
1095 1082 1154 1146 per
1174 1061 1263 1146 ipsos

137 1142 335 1208 destructum
368 1142 571 1222 reformavit,
607 1163 708 1206 novas
740 1151 844 1206 turres
879 1144 913 1206 in
946 1145 1058 1208 eodem
1093 1145 1263 1224 exstruxit,

137 1229 287 1291 comitem
298 1227 489 1291 Fundorum
504 1248 603 1290 manu
617 1235 742 1290 armata
756 1228 982 1291 exterminavit
1002 1249 1041 1291 ac
1056 1236 1157 1292 totam
1172 1249 1263 1292 suam

135 1321 256 1376 terram
278 1321 310 1374 et
332 1311 529 1375 comitatum.
572 1309 663 1374 Idem
685 1319 810 1375 tanturn
833 1310 1008 1375 fortunium
1030 1311 1152 1394 habuit,
1176 1310 1263 1398 quod

137 1395 239 1459 cicius
255 1395 428 1479 scriptores
449 1394 624 1458 deficerent
646 1403 678 1458 et
699 1395 834 1459 materia
855 1396 1023 1480 scripture,
1046 1417 1143 1481 quam
1165 1413 1277 1482 opera·

136 1502 200 1566 que
221 1481 255 1542 in
276 1481 344 1544 vita
364 1479 440 1542 fecit
460 1501 519 1564 per
539 1477 667 1564 lapsum
690 1479 845 1563 temporis
867 1479 1025 1542 conscribi
1047 1489 1188 1566 possent.

223 1564 336 1628 ‘Anno
358 1564 593 1648 preassignatot
616 1563 733 1648 spiritu
754 1560 897 1646 maligno
920 1585 1030 1628 semen
1052 1586 1147 1627 suum
1170 1563 1380 1642 semi-*fluat

135 1657 243 1730 nante,
257 1649 341 1712 inter
352 1648 540 1732 episcopum
555 1645 822 1732 Herbipolensem
836 1657 869 1711 et
883 1647 1047 1712 civitatem
1059 1646 1265 1734 Herbipolim

136 1741 226 1796 tanta
248 1741 318 1796 orta
340 1743 388 1796 est
410 1731 629 1795 controversia
638 1742 661 1812 ²,
684 1730 771 1830 quod
794 1751 905 1795 omnes
927 1740 994 1795 tam
1016 1731 1150 1796 clericos
1173 1753 1264 1796 seeu-

136 1813 219 1880 lares
242 1838 338 1902 quam
360 1814 529 1900 religiosos
551 1837 572 1878 a
593 1837 652 1878 sua
667 1817 807 1896 crvitate,
829 1817 937 1878 omnia
957 1817 1102 1900 ipsorum
1123 1816 1158 1879 vi
1179 1815 1264 1900 rapi·

136 1909 237 1982 entes,
260 1898 461 1984 expulerunt,
485 1897 654 1985 collegium
674 1900 797 1964 dictum
813 1898 911 1963 Hau³
932 1898 1077 1964 funditus
1099 1899 1265 1964 destruxe-

136 1994 222 2066 runt,
245 1984 279 2047 in
301 1982 445 2067 collegiis
468 1994 500 2048 et
520 1984 555 2046 in
577 1982 722 2048 ecclesiis
744 1983 838 2048 sedes
860 1983 1065 2048 dominorum
1087 1984 1156 2069 igni
1178 2004 1264 2047 com·

136 2066 318 2147 bussetum,
339 2067 426 2132 bona
443 2067 598 2151 ipsorum,
620 2089 683 2153 que
729 2078 779 2133 ost
792 2089 957 2132 recessum
971 2070 1171 2150 invenerunt,
1194 2067 1265 2152 regi

135 2150 356 2216 Romanorum
389 2149 543 2216 videlicet
571 2090 790 2235 Wentzidlao,
825 2163 858 2217 et
886 2153 954 2216 eius
990 2153 1112 2216 vicario
1142 2151 1265 2216 seilicet

136 2235 305 2300 Borsebo⁴
333 2235 596 2320 propinaverunt.
646 2235 690 2298 Et
712 2235 868 2319 quamdiu
889 2236 950 2300 hoc
972 2235 1094 2300 factum
1117 2247 1175 2318 est,
1202 2234 1263 2300 sub

136 2319 272 2384 tuitione
293 2319 395 2404 ipsius
411 2317 534 2382 detenti
549 2328 636 2400 sunt3
659 2329 807 2383 cessante
821 2340 899 2384 vero
914 2320 1150 2405 propinatione,
1167 2319 1263 2383 divisi

135 2403 274 2468 suntab
297 2402 421 2467 eodem.
465 2400 728 2487 Predictiigitur
756 2405 842 2467 cives
865 2400 1092 2489 quamplures
1115 2403 1263 2468 civitates

136 2487 283 2573 episcopi
312 2485 354 2550 ad
381 2507 416 2550 se
445 2493 624 2566 traxerunt,
654 2487 803 2551 ineuntes
832 2509 909 2550 cum
937 2487 1060 2551 eisdem
1089 2486 1193 2570 fedus,
1222 2507 1262 2550 ac

135 2573 354 2652 coniurarunt,
385 2591 552 2669 nunquam
588 2570 696 2656 episco
722 2592 777 2634 um
811 2592 907 2635 suum
937 2571 1019 2637 velle
1050 2572 1196 2657 recipcre
1228 2571 1262 2634 in

136 2654 303 2719 dominum
329 2676 389 2719 nec
417 2654 480 2719 sibr
507 2675 652 2762 unguem
681 2592 823 2720 obedire.
871 2653 960 2720 Idem
991 2676 1068 2719 vero
1090 2657 1262 2740 episcopus

134 2742 266 2803 nomine
290 2738 478 2804 Gerhardus
499 2739 539 2803 de
563 2739 779 2824 bwartzburg,
806 2748 901 2802 natus
930 2740 1030 2824 stirpe
1056 2738 1133 2802 olim
1160 2740 1262 2824 regia,

135 2825 290 2888 inarmis
312 2823 811 2908 strenuus⁸5‘·valide'priucipes
834 2821 1003 2887 Alamanie
1025 2821 1181 2888 allocutus
1203 2833 1262 2903 est,

135 2929 273 2994 quorum
297 2929 378 2971 unus
400 2906 461 2972 fuit
482 2907 746 2993 archiepiscopus
762 2907 1020 2991 Magantincnsia
1043 2907 1193 2971 dominus
1212 2907 1262 2972 lo-

135 2993 256 3056 hannes
279 2990 319 3055 de
334 2991 479 3072 Nassaw,
502 2990 652 3084 dominus
667 2991 734 3055 dux
749 2991 790 3056 de
805 2991 953 3074 Bavaria,
976 3013 1085 3056 comes
1101 2989 1261 3076 palatinus

134 3077 298 3161 Rupertus
321 3125 329 3140 .
353 3125 360 3140 .
382 3075 445 3140 bur
468 3077 572 3158 gravii
593 3075 633 3140 de
648 3075 847 3159 Norenberg.
890 3075 1033 3160 Ipsemet
1048 3075 1262 3161 burggravius
1372 3116 1378 3127 ι

135 3169 168 3225 et
189 3182 286 3246 quam
307 3158 415 3244 plures
437 3099 493 3223 alii
514 3160 657 3239 comites,
679 3158 817 3225 barones
831 3169 864 3224 et
883 3158 1010 3242 milites,
1031 3158 1121 3224 litem
1136 3159 1262 3225 cottidi-

134 3265 231 3308 anam
261 3265 336 3306 cum
363 3242 503 3308 eisdeml
531 3245 669 3330 periuris
697 3265 755 3329 per
781 3253 928 3329 tempora
956 3242 1054 3330 longa
1082 3245 1201 3325 tenuit,
1229 3254 1262 3309 et

15 3327 24 3345 '
136 3327 256 3392 damna
276 3329 498 3474 nonbmodiea
525 3327 668 3413 quelibet
696 3349 772 3413 pars
794 3350 853 3393 suo
875 3327 1057 3393 adversanti
1078 3327 1196 3410 intulit,
1225 3336 1262 3392 ut
1344 3393 1346 3398 ,
1453 3396 1456 3401 ,

160 3421 249 3476 ostea
293 3419 344 3476 ate
369 3412 402 3480 it

134 3433 157 3498 p
219 3432 488 3559 Arii'ro'intrante
520 3495 709 3576 centesimo,
742 3496 805 3558 hoe
836 3505 884 3560 est
913 3493 1081 3558 millesimo
1112 3497 1185 3561 400.
1218 3494 1260 3560 ab
1335 3565 1337 3570 ,

134 3578 356 3644 incarnatione
378 3577 498 3642 Christi
519 3578 603 3661 Iesu,
625 3578 855 3672 procbdolorl
878 3579 983 3685 adbuc
1005 3580 1154 3644 scismate
1175 3577 1261 3644 vilis-

135 3665 218 3727 simo
250 3663 334 3727 inter
360 3661 565 3727 Bonifaoium
599 3663 633 3726 in
661 3662 750 3728 Urbe
777 3671 810 3728 et
836 3714 844 3729 .
874 3674 903 3731 ‚⁵
931 3685 965 3727 m
991 3663 1167 3745 Avinione,
1205 3664 1262 3748 qui

135 3745 376 3814 ..mar-dinatio
404 3745 444 3811 de
471 3746 565 3810 Luna
586 3745 822 3832 appellabatur,
851 3747 997 3829 (limante,
1024 3747 1108 3812 infra
1130 3755 1260 3812 octavas
1271 3768 1321 3811 ran.
1332 3770 1367 3811 11.

135 3917 158 3974 s)
175 3921 274 3960 strenuis
289 3930 308 3962 e.
369 3916 393 3970 h)
410 3918 515 3960 eiusdem
530 3931 557 3968 a,
572 3930 610 3960 cm.
622 3919 653 3962 W.

225 3995 258 4030 υ

137 4047 322 4174 lpmstutio
342 4047 555 4116 etAu9.'1398.
595 4051 771 4118 Gregorovr‘ua
787 4051 837 4115 VI,
859 4069 887 4117 p.
903 4053 965 4104 537.
1040 4053 1068 4116 2)
1088 4049 1128 4118 Cf.
1153 4051 1259 4118 Weycle,

136 4126 143 4151 ‘
170 4123 332 4188 rtrstbiscbof
347 4121 472 4174 Gorbard
490 4141 518 4176 a.
537 4125 586 4175 der
605 4123 771 4191 Stltdtekriep
788 4125 826 4174 im
837 4124 973 4190 Hocbstt‘ft
988 4123 1148 4192 Wrt'rabury'.
1179 4124 1259 4176 1861.

135 4195 165 4262 3)
184 4196 306 4247 Ecclesia
323 4195 408 4264 Haup
427 4205 504 4248 estro
521 4214 612 4248 metros
629 4195 755 4250 civitatis.
793 4195 832 4264 CJ.
853 4198 955 4250 Lorcna
974 4197 1052 4249 Ibion
1072 4215 1116 4264 op.
1131 4196 1260 4265 Ludewiq

134 4268 426 4320 ‘Gerebicbtrsobrct‘hcr
445 4287 471 4321 o.
497 4269 657 4338 Wrt'rzbwrg’,
677 4287 711 4336 p.
731 4269 793 4320 672.
868 4270 898 4338 4)
924 4271 1067 4323 Wenceclai
1091 4271 1260 4323 consularius

134 4341 275 4408 Boraiwoy
293 4342 327 4394 de
346 4339 461 4394 Scina.
536 4342 566 4410 ὖ)
586 4343 759 4396 Benedictucn
777 4343 862 4396 XIII.
