3090 4962
259 353 260 356 ’
294 373 357 423 xm
448 375 450 380 ’
615 369 823 422 CHRONIOON
842 371 1095 423 uoonnrluuu.

296 541 546 627 Arqentinensis
564 539 747 606 Chronicon
762 539 1005 625 Moquntinum,
1028 541 1115 625 quod
1135 563 1186 603 res
1207 543 1418 626 reqionesque

296 627 333 688 in
366 647 401 689 eo
430 626 612 708 descriptas
645 625 774 704 attinet,
806 627 947 688 manime
980 647 1052 688 cum
1084 624 1237 688 chronico
1265 625 1417 690 limbur-

296 711 391 796 qensi
421 709 581 789 cohaeret,
618 709 667 772 itu
700 717 736 771 ut
769 706 909 771 alterum
939 707 1038 772 altero
1072 709 1288 791 confirmetur,
1322 719 1418 795 atque
1506 737 1508 744 ’

297 792 521 878 compleantur
542 796 629 858 inter
649 815 682 856 se
704 794 760 872 eis,
786 815 870 876 quae
892 793 931 856 de
953 793 1073 857 eisdem
1093 793 1189 856 rebus
1211 795 1249 856 in
1270 796 1417 879 reqioni·

297 877 355 941 bus
377 877 560 960 Rhenanis,
586 877 755 940 Nassouiu
777 885 805 938 et
828 875 955 939 Hassia
982 878 1081 962 pestis
1108 875 1255 942 tradunt.
1298 878 1419 942 Archi-

298 963 522 1047 episcopatum
550 961 782 1046 Moquntinum
806 963 917 1044 primo
944 963 1043 1044 quasi
1070 959 1138 1024 loco
1169 965 1313 1046 positum
1342 983 1420 1044 esse,

298 1054 548 1110 consentaneum
564 1055 628 1126 est;
651 1045 707 1107 sed
730 1053 843 1108 auctor
864 1044 960 1130 lonqe
979 1046 1198 1128 prospiciens,
1220 1068 1287 1109 non
1309 1049 1421 1110 minus

298 1139 387 1194 certa
410 1139 505 1214 atque
523 1128 603 1210 'fida
625 1130 669 1192 ad
691 1131 879 1192 uniuersam
901 1129 1074 1193 historiam
1096 1132 1278 1214 spectantia
1301 1131 1340 1193 de
1361 1133 1421 1194 im-

294 1215 504 1298 peratoribus
533 1223 562 1276 et
585 1215 702 1298 papis,
730 1214 769 1276 de
798 1214 893 1276 terris
916 1213 1250 1298 pereqrinis,1tulia,
1277 1215 1419 1278 Franco·

298 1298 415 1384 pallia,
437 1297 616 1378 Flandria,
637 1296 789 1379 Polonia,
811 1297 984 1360 Littuania
1006 1299 1118 1361 tradit.

382 1383 564 1446 Manimam
585 1390 690 1444 entem
703 1383 879 1444 chronicon
894 1383 1077 1465 perspicua
1093 1404 1219 1446 morum
1237 1391 1331 1466 utque
1346 1391 1420 1445 tem-

295 1488 416 1550 porum
445 1467 663 1548 descriptione
690 1463 867 1566 leqsntibus
894 1465 1032 1549 praebet
1060 1475 1089 1529 et
1120 1465 1360 1530 delectationem
1392 1477 1421 1530 et

299 1552 543 1614 institutionem.
580 1549 700 1612 Iterum
714 1559 893 1632 iterumque
908 1559 1069 1614 auctorem
1084 1550 1239 1614 libidines
1254 1560 1349 1635 utque
1369 1553 1420 1614 in-

300 1636 550 1717 temperantiam
572 1635 769 1718 principum
795 1633 1009 1718 militumque,
1040 1637 1098 1718 qui
1121 1634 1297 1698 latrocinio
1319 1635 1420 1698 uitam

301 1719 540 1798 sustentabant,
578 1718 686 1803 plebis
724 1719 825 1781 uitam
864 1719 1142 1800 sordidissimam,
1184 1720 1420 1782 immodestiam

301 1804 432 1882 civium,
445 1805 617 1888 omniaque
634 1805 669 1866 in
682 1801 817 1866 urbibus
829 1825 897 1866 non
907 1804 1015 1866 minus
1027 1825 1125 1886 quam
1139 1805 1176 1866 iu
1189 1805 1283 1888 uqris
1297 1803 1421 1886 infesta

301 1909 367 1950 esse
390 1909 449 1950 suo
471 1887 544 1950 iure
560 1887 725 1970 conqueri,
746 1909 786 1950 ecc
807 1887 854 1950 eis
869 1909 953 1972 quae
974 1887 1080 1951 tradit
1102 1897 1251 1971 apparet,
1273 1886 1359 1951 uelut
1380 1909 1420 1950 erc

286 1971 453 2037 ..dilucida
473 1973 605 2034 uestitus
626 1970 790 2054 impudici
805 1971 1023 2055 descriptione
1047 1969 1088 2053 (f.
1107 1971 1194 2052 104')
1218 1971 1420 2056 aliorumque

301 2056 455 2118 uitiorum
470 2055 664 2139 insiqnium,
680 2057 815 2138 quaein
830 2056 1019 2118 uniuersum
1034 2055 1288 2141 formidolosam
1303 2057 1422 2140 imaqi-

303 2161 374 2202 nem
389 2138 565 2203 barbariae
580 2149 609 2203 et
622 2137 801 2223 efferitatis,
823 2140 949 2203 iuriam
964 2139 1168 2220 infirmitatis
1182 2149 1211 2204 et
1225 2141 1421 2204 seditionum
1514 2143 1516 2154 ²

303 2246 342 2287 ac
364 2223 609 2287 discordiarum
631 2223 798 2308 praebent.
823 2223 907 2288 ‚Oui
927 2233 1106 2308 temporum
1128 2225 1342 2308 descriptioni
1363 2224 1422 2286 tri·

302 2309 454 2390 ctissimis
482 2307 585 2371 uerbis
611 2315 640 2368 et
668 2308 840 2371 acerbitate
868 2310 1013 2392 quadam
1033 2307 1152 2392 factae
1181 2310 1249 2374 nisi
1275 2310 1420 2386 virtutes,

262 2418 271 2440 κ’
303 2391 419 2478 quibus
440 2391 501 2455 illa
517 2401 607 2456 aetas
621 2413 681 2455 nos
696 2391 841 2475 delectat,
864 2395 1067 2476 opposueris,
1089 2417 1211 2457 meram
1226 2417 1292 2458 non
1308 2392 1419 2475 adipi-

260 2507 262 2517 =
302 2477 402 2540 sceris
423 2479 598 2542 ueritatem.
635 2472 742 2549 Quam
765 2477 897 2540 adrem
919 2477 1095 2542 chronicon
1116 2477 1349 2562 Limburqense
1370 2477 1421 2540 in-

303 2562 427 2644 spicias
456 2583 582 2624 necesse
603 2568 662 2640 est,
691 2582 754 2644 quo
778 2559 972 2624 Tilmannus
993 2561 1103 2624 scriba
1124 2559 1280 2646 publicus
1302 2561 1420 2645 patrio

303 2666 448 2708 sermone
462 2643 606 2728 simplici
621 2652 716 2727 atque
731 2645 925 2708 suavissimo
939 2647 1132 2730 qraoissimi
1145 2648 1303 2729 cuiusque
1318 2645 1418 2706 homi-

304 2730 357 2792 nis
373 2737 402 2792 et
415 2727 538 2792 uultum
554 2727 760 2814 habitumque
775 2737 804 2791 et
817 2731 967 2793 uirtutem
986 2751 1025 2792 ac
1047 2729 1270 2792 strenuitatem
1292 2727 1422 2811 efflnqit

304 2821 400 2898 atque
421 2815 585 2896 enprimit,
606 2812 761 2897 nobisque
776 2813 925 2894 ostendit,
947 2821 1073 2896 quanta
1088 2811 1256 2876 hilaritate
1270 2811 1422 2874 lunuria-

304 2919 364 2982 que
378 2919 458 2960 suae
474 2899 591 2961 aetatis
605 2897 749 2961 homines
762 2899 819 2961 usi
832 2898 908 2979 sint,
920 2897 1068 2981 quamuis
1082 2893 1179 2960 malis
1193 2896 1420 2960 incommodis-

305 3003 364 3066 que
386 2990 600 3066 arqerentur,·
622 2983 718 3046 immo
733 3003 807 3044 vero
828 2982 898 3065 ipse
914 2981 1082 3044 chronistu
1103 2981 1271 3044 iucundus
1289 2989 1344 3059 est,
1366 2982 1422 3042 cui

305 3087 423 3130 nouum
446 3088 576 3130 carmen
600 3067 644 3128 ad
665 3065 874 3129 celebrandos
896 3087 1021 3128 amores
1043 3065 1253 3148 compositum
1275 3065 1324 3128 uel
1342 3087 1420 3148 pro·

304 3150 447 3214 corbium
469 3173 588 3214 novum
609 3159 675 3212 tam
696 3171 802 3234 qraoe
820 3150 960 3230 uidetur,
983 3171 1081 3233 quam
1096 3149 1243 3212 dirutum
1257 3149 1422 3212 latronum

304 3235 552 3318 receptaculum,
574 3234 752 3297 inundatio
767 3243 873 3298 terras
891 3234 1077 3314 devastans,
1094 3242 1282 3318 portentum
1304 3235 1422 3297 mirum

306 3318 462 3404 aliudque
475 3318 608 3403 factum
630 3317 829 3382 inauditum.

153 3559 289 3650 ¹³⁶⁶lf⁰²²⁵f⁸³
392 3566 552 3632 Chronico
581 3587 681 3650 usque
711 3565 755 3628 ad
785 3587 816 3627 a.
842 3564 931 3628 1406.
957 3565 1138 3648 pertinenti
1157 3566 1193 3628 in
1215 3587 1261 3648 eo,
1290 3567 1348 3650 qui
1369 3585 1422 3628 en·

160 3627 288 3720 illihic
307 3660 381 3729 stat,
403 3651 512 3715 codice
534 3650 738 3714 continuatio
754 3649 796 3730 (f.
814 3648 1007 3730 147-152')
1023 3687 1063 3696 -
1077 3650 1134 3712 secl
1148 3651 1301 3732 temporis
1323 3651 1422 3713 inter-

177 3739 268 3780 -14⁷⁸·
306 3735 393 3798 uallo
414 3737 591 3817 interiecto,
620 3735 740 3817 incipit
761 3734 846 3797 enim
869 3733 996 3796 demum
1018 3733 1057 3796 ab
1081 3755 1112 3796 a.
1129 3731 1219 3795 1440.
1243 3772 1283 3781 -
1306 3733 1423 3796 addita

306 3829 366 3900 est,
394 3820 490 3882 cuius
519 3819 746 3882 adnotationes
777 3839 878 3902 usque
908 3818 953 3880 ad
983 3839 1014 3880 a.
1043 3816 1134 3882 1478.
1162 3825 1336 3902 perqentes
1364 3817 1423 3880 ad·

305 3904 434 3968 modum
463 3905 549 3966 inter
575 3925 607 3966 se
630 3899 804 3966 dissimiles
825 3910 911 3964 sunt.
955 3901 1074 3965 Variae
1096 3901 1182 3979 enim
1203 3909 1298 3964 notae
1323 3923 1422 3985 prue-

307 3989 403 4072 cipue
426 3988 471 4050 ad
493 4010 524 4050 a.
542 3986 759 4050 1440-1448.
781 3994 809 4048 et
825 3987 1023 4069 praesertim
1045 3985 1090 4048 ad
1105 3986 1265 4049 ciuitatem
1282 3985 1422 4070 Moqun-

307 4073 412 4135 tinam
434 4094 449 4134 s
475 4079 624 4152 ectuntes,
647 4070 683 4134 ob
706 4093 838 4154 eamque
858 4092 925 4134 rem
950 4070 1042 4133 haud
1063 4069 1155 4149 lenes,
1177 4070 1425 4155 coniunquntur
1507 4127 1509 4130 .

308 4179 381 4220 cum
413 4095 491 4218 aliis
524 4157 684 4238 eucerptis
716 4163 827 4218 temere
860 4155 1032 4238 correptis,
1065 4175 1148 4238 quae
1180 4153 1322 4240 neqlecto
1350 4163 1423 4216 tem-

303 4262 424 4324 porum
447 4238 561 4304 ordine
583 4237 628 4302 ud
650 4240 751 4322 prius
772 4247 802 4302 et
816 4242 983 4322 posterius
1004 4247 1130 4322 tempus
1153 4239 1305 4320 attinent,
1331 4238 1424 4304 modo

309 4325 435 4404 Latine,
456 4324 549 4387 modo
573 4321 765 4388 Germanice
787 4324 921 4407 scripta.
965 4323 1089 4387 Auctor
1109 4323 1325 4408 Moquntinus
1346 4330 1425 4402 erat,
