3088 4962
254 326 291 376 52
493 322 702 376 CHRONIOON
719 321 973 375 MOGUNTINUM.
1010 322 1043 372 A.
1065 320 1144 372 1383.

254 514 364 556 suram
389 490 471 556 ferre
497 490 549 554 vel
574 490 684 556 bibere
711 491 835 572 vinum3
868 498 900 554 et
933 490 979 552 sic
1003 511 1069 553 non
1095 495 1244 574 poterant
1273 485 1382 552 clerici

254 577 331 641 vina
353 597 411 638 sua
430 573 569 639 vendere
590 583 724 660 propter
744 573 823 638 illud
845 581 1029 637 statutum¹.

339 658 379 722 In
406 658 460 722 Au
506 666 554 722 sto
587 680 697 722 mense
722 657 783 721 fuit
808 679 927 742 magna
953 655 1141 742 pestilencia
1169 656 1203 718 in
1231 653 1380 739 partibus

255 741 434 825 Alamanie,
502 741 634 823 estfalic,
651 741 801 822 Scironia
817 740 944 821 Hassie,
967 749 999 803 et
1014 739 1060 804 ibi
1074 739 1226 822 maxima,
1248 746 1280 802 et
1294 737 1381 801 Thu-

273 828 281 842 '
306 827 358 910 gie
387 834 419 889 et
445 827 480 889 in
499 825 669 924 Lympurg
697 834 729 890 et
756 824 826 888 aliis
853 823 961 888 multis
982 833 1139 888 terrarum
1159 821 1316 910 partibus,
1347 829 1382 886 et

256 909 397 975 defuncti
419 918 493 973 sunt
536 908 643 974 lunmi
663 908 817 972 homines.
1073 939 1075 943 ·

140 1015 200 1067 naq.
211 1015 246 1058 15.
339 993 379 1057 In
406 992 468 1056 illis
530 993 642 1057 ebus*
656 993 741 1056 circa
766 992 884 1074 festini
914 991 1148 1077 assumpoionis
1176 991 1307 1054 inventa
1331 997 1382 1053 est

256 1099 375 1162 magna
406 1074 575 1140 multitudo
607 1076 772 1141 botrorum
803 1083 1051 1153 maturatorum,
1083 1075 1129 1138 ita
1164 1073 1252 1160 quod
1283 1074 1381 1138 etiam

257 1170 399 1224 mustum
426 1181 547 1224 novum
572 1169 649 1223 tunc
676 1160 710 1222 in
731 1159 925 1245 quibusdam
945 1158 1091 1245 partibus
1112 1157 1217 1222 Rheni
1242 1157 1382 1222 invenie-

257 1247 363 1310 batur.
414 1241 568 1328 Sequenti
595 1251 739 1342 tempore
760 1243 820 1306 fuit
841 1265 960 1327 magna
982 1243 1108 1306 siccitas
1129 1243 1163 1304 in
1184 1241 1380 1305 montanisl·

259 1337 291 1392 et
312 1327 463 1391 desiccati
484 1334 558 1389 sunt
578 1325 670 1390 multi
690 1326 793 1391 fontes
815 1327 1022 1390 scaturientes
1043 1335 1076 1390 ct
1096 1324 1200 1407 rivuli,
1226 1326 1272 1388 ita
1294 1289 1382 1410 quod

257 1411 402 1476 homines
423 1431 489 1475 non
502 1417 650 1494 poterant
663 1409 781 1474 molere
803 1419 835 1474 et
873 1410 938 1474 assi
957 1419 1032 1474 sunt
1049 1430 1200 1494 magnam
1213 1409 1381 1495 penuriam

257 1495 370 1576 farine,
399 1495 546 1580 quamvis
569 1493 661 1578 siligo
684 1502 768 1558 esset
788 1494 823 1556 in
843 1433 928 1558 lieno
950 1493 1035 1558 foro:
1065 1492 1223 1557 maldrum
1245 1491 1399 1578 siliffinis]
1443 1505 1476 1555 1‘

257 1579 319 1643 fuit
342 1580 379 1640 ll
403 1576 577 1642 solidorum
598 1587 630 1642 et
651 1577 752 1642 farine
776 1576 813 1640 18
836 1575 926 1640 solid.
1335 1633 1337 1638 .
1419 1573 1429 1590 ⁴

342 1662 381 1726 In
411 1660 545 1726 Octobri
568 1670 601 1726 ot
627 1662 711 1725 circe
737 1669 949 1745 congregatus
978 1669 1027 1724 est
1055 1681 1191 1744 magnus
1219 1659 1380 1724 exercitus

258 1755 370 1812 contra
401 1744 547 1809 dominos
579 1746 711 1809 comites
743 1743 783 1809 de
812 1743 1046 1809 chinbrucke
1073 1753 1106 1808 et
1134 1743 1175 1808 de
1198 1743 1380 1826 Feldentze‚

260 1852 396 1916 quorum
418 1828 486 1892 dux
499 1829 650 1892 Berensis
672 1827 785 1892 ductor
805 1827 878 1910 fuit;
900 1837 932 1891 et
953 1851 1072 1913 magna
1092 1828 1153 1890 fuit
1172 1826 1319 1910 formido,
1340 1849 1383 1892 ne

259 1914 338 1999 ipsis
358 1911 626 1976 invalescentibus
648 1913 861 1997 irrumperent
883 1933 1010 1976 omnem
1031 1920 1150 1976 terram
1164 1911 1381 1993 Rhenensem;

259 1995 389 2062 tandem
410 2004 618 2059 recessenmt.
1321 2041 1324 2046 -
1459 2033 1462 2038 ,

342 2079 382 2142 In
403 2079 490 2143 ittisc
511 2077 623 2142 diebus
637 2077 789 2143 Urbanus
803 2077 905 2143 Rome
919 2078 1085 2164 presidens
1107 2079 1213 2142 emisit
1233 2077 1382 2160 edictum,

156 2183 249 2236 *rna
261 2161 348 2250 quod
369 2162 454 2227 bona
474 2171 549 2247 post
569 2170 704 2227 mortem
725 2161 910 2226 clericorum
931 2161 1043 2226 cedere
1065 2161 1219 2226 deberent
1239 2163 1385 2226 *camere
1430 2231 1435 2238 ,
1463 2232 1467 2238 ,

259 2245 443 2333 apostolice.
496 2246 615 2310 Postea
651 2245 745 2310 idem·
768 2245 919 2310 Urbanus
951 2245 1113 2310 transtulit
1149 2269 1183 2311 se
1214 2245 1285 2310 Noa
1309 2237 1389 2326 olin⁰,‘

259 2330 344 2396 unde
366 2329 519 2394 oriundus
541 2329 618 2412 fuit3
647 2337 774 2414 etpost
798 2329 893 2394 breve
914 2338 1042 2416 tempus
1064 2329 1205 2394 Karolus
1227 2331 1267 2394 de
1284 2268 1383 2411 i‘acz,

259 2436 373 2500 gerens
396 2436 430 2478 se
450 2436 560 2498 regem
580 2413 695 2495 Sicilie,
719 2413 826 2498 ipsum
841 2413 976 2478 detinuit
997 2421 1030 2478 et
1050 2412 1229 2480 libertatem
1244 2413 1386 2480 abeundi

259 2497 449 2563 abdicavitl·
458 2507 480 2562 ².
531 2497 622 2560 Tunc
650 2505 752 2561 status
777 2495 879 2560 Rome
911 2499 995 2561 circa
1022 2496 1141 2563 clerum
1168 2499 1208 2562 de
1237 2497 1385 2584 partibus

258 2581 428 2646 Alamanie
449 2581 670 2666 negociantem
690 2580 751 2643 fuit
771 2582 941 2665 pessimus.
1268 2649 1271 2657 ,

343 2665 383 2728 In
408 2663 470 2727 illis
499 2665 624 2744 diebus,
645 2662 905 2749 autumpnalibus
940 2664 1087 2728 dominus
1115 2663 1270 2730 Adolfus⁹
1285 2663 1386 2728 erchi-

260 2749 432 2833 episcopus
459 2748 568 2832 exegit
595 2747 774 2812 subsidium
803 2747 871 2812 sive
904 2749 1169 2814 contributionem
1202 2749 1244 2814 ab
1272 2747 1384 2816 incolis

260 2833 426 2912 Rinckaw,
476 2832 510 2894 ui
529 2829 664 2896 viriliter
684 2853 718 2895 se
740 2839 960 2916 opposuerunt
985 2831 1071 2896 nullo
1093 2833 1190 2898 modo
1213 2835 1387 2921 quicquam

260 2915 339 2978 dare
359 2853 519 3063 volendo?
541 2905 658 2978 minus
680 2903 1044 2980 occasiones-evadendi
1066 2918 1259 3002 quesierunt,
1282 2919 1386 2981 eciam

259 2997 362 3062 multa
383 3019 485 3083 oppro
509 2999 558 3061 ria
578 3007 611 3062 et
631 2999 775 3073 convicia
787 2998 970 3081 intulerimt,
993 3001 1088 3063 minis
1109 3008 1142 3065 et
1156 3001 1290 3065 diversis
1313 3022 1386 3066 con·

259 3081 340 3146 siliis
354 3103 397 3146 ex
420 3075 533 3166 uisui&²
549 3080 685 3168 qualiter
698 3083 845 3146 resistere
860 3091 891 3146 et
906 3083 1041 3148 evadere
1055 3093 1201 3169 possent:
1219 3086 1253 3148 in
1268 3085 1386 3170 quibus

258 3163 307 3228 nil
337 3103 549 3251 proiecerunt,
578 3165 635 3230 sed
660 3164 790 3230 tandem
822 3166 997 3230 secundum
1030 3189 1157 3232 omnem
1187 3167 1387 3234 voluntatem

259 3249 363 3334 ipsius
395 3247 517 3312 domini
544 3249 776 3335 archiepiscopi
807 3251 949 3348 oportuit
980 3253 1069 3338 ipsos
1098 3251 1221 3317 solvere
1251 3273 1386 3336 magnas

159 3333 229 3414 s
260 3333 471 3417 pecuniarum
493 3355 633 3398 summes
656 3333 802 3418 quamvis
824 3335 958 3398 mvite*

360 3511 382 3547 ’¹³'
410 3511 464 3563 Hic
481 3512 663 3578 interpositum
682 3520 719 3566 est
737 3532 822 3566 manu
838 3516 865 3566 Β
881 3515 1010 3577 (auctoris
1029 3515 1214 3582 collectionem:
1232 3522 1262 3568 tu
1281 3533 1386 3584 quoque

227 3519 567 3724 spiziffle’
586 3587 703 3653 Alberte‚
723 3593 750 3639 et
768 3589 855 3667 viyps:
879 3589 916 3640 ‘es
936 3591 994 3640 sein
1012 3586 1065 3658 bot
1084 3588 1208 3643 bawem'.
1241 3589 1281 3657 ΟΥ.
1298 3601 1386 3657 'praa

262 3820 289 3874 a)
304 3808 428 3896 dierjumlc.
480 3820 503 3874 b)
519 3789 650 3880 innotui-ld.
695 3823 717 3876 c)
733 3825 759 3865 in
774 3825 960 3908 diebmlyrbeni
974 3837 1005 3875 a,
1021 3838 1059 3868 em.
1075 3837 1123 3868 cum
1134 3827 1166 3869 W.
1212 3827 1237 3882 d)
1254 3813 1387 3905 abdicasse.

266 3968 295 4036 1)
315 3971 374 4022 Hoc
399 3978 528 4024 statutum
552 3975 620 4026 clero
640 3974 799 4044 Magantiao
822 3974 886 4027 novi
909 3977 1075 4043 precaminis
1097 3995 1206 4030 causam
1230 3979 1387 4045 praebebat.

266 4043 306 4111 ΟΥ.
332 4043 449 4097 eiusdem
475 4045 611 4112 unionem,
637 4056 667 4098 ut
691 4055 797 4111 vorant,
829 4067 854 4100 a.
876 4049 959 4112 1382,
987 4048 1058 4115 Sept.
1081 4051 1123 4115 19,
1150 4069 1194 4117 ap.
1220 4052 1387 4116 thrdtweio,
1479 4073 1486 4086 ·

265 4116 345 4170 Sada.
364 4119 429 4183 dipl.
450 4118 524 4183 XII,
546 4137 576 4185 p.
596 4121 659 4175 368.
685 4129 709 4172 et
734 4121 1041 4189 ‘Verfaootmpndcsch-
1067 4141 1120 4176 oon
1145 4123 1251 4176 Maina’
1272 4143 1303 4192 p.
1326 4127 1386 4177 127.

266 4190 301 4313 {p
322 4190 366 4314 iffi,
386 4191 583 4317 1{lpertz'qsblrlop‘ea
604 4211 634 4260 p.
654 4195 716 4246 59⁷.
743 4203 766 4247 et
791 4195 980 4264 Greqorooiur,
1010 4195 1112 4249 ‘cerco
1138 4198 1166 4249 d.
1193 4196 1232 4250 St.
1257 4197 1326 4250 Rom
1351 4199 1388 4251 im

299 4303 305 4314 .
351 4305 357 4315 .
425 4282 478 4330 ‚p
551 4307 558 4318 .
