3088 4962
359 389 568 441 CHRONIOON
585 389 838 441 MOGUNTINUM.
875 389 908 440 A.
930 389 1009 438 1380.
1030 388 1109 438 1386,
1259 387 1294 436 tt

173 553 319 621 nobiles³
341 564 372 620 et
393 555 490 619 multi·
504 558 696 622 rusticorum
710 555 843 622 viriliter
863 578 897 622 se
912 555 1121 622 defenderunt
1160 565 1174 620 t
1195 555 1296 620 multa

174 639 378 704 incommoda
405 641 541 703 inimicis
567 579 1162 726 intulenmtf'luffc‘dux‘pmffic‘tfil
1183 640 1295 704 iaculis

70 771 73 776 .
174 724 277 808 igneis
298 723 333 786 in
354 722 486 808 opidum
508 713 628 811 misslsj
646 723 786 789 totaliter
807 724 939 811 opidum
958 724 1162 789 combustum
1183 733 1241 807 est,
1264 733 1296 789 et

174 807 337 892 perierunt
360 808 394 869 in
416 829 453 871 eo
476 809 561 870 circa
582 809 722 893 quinque
744 807 831 870 milia
852 807 1025 889 hominum,
1054 818 1086 872 et
1106 809 1203 894 pauci
1224 829 1297 872 eva

174 898 293 956 semmt.
337 891 429 954 Tunc
449 890 526 975 lang
565 893 666 973 avius,
695 893 810 956 timens
833 891 968 954 similem
991 890 1114 957 cladem
1136 891 1207 956 aliis
1230 893 1295 955 suis

174 971 280 1058 opidis
307 975 472 1055 inminere,
502 913 702 1060 ad‘gratiam
724 974 957 1060 archiepiscopi
985 985 1018 1040 et
1039 969 1139 1075 dunis]
1152 997 1186 1040 se
1208 973 1297 1040 dedit

173 1077 233 1144 pro
256 1057 417 1123 solucione
432 1059 474 1123 20
494 1057 583 1122 milia
596 1058 788 1122 florenorum
803 1080 862 1143 pro
878 1060 1028 1144 expensis
1120 1059 1330 1146 episeopo>

173 1149 206 1204 et
228 1161 319 1206 susce
342 1142 369 1206 it
388 1141 528 1206 feudalia
553 1141 594 1206 ab
615 1141 855 1228 archiepiscopo
959 1165 1033 1208 oma
1057 1144 1121 1206 'um
1143 1141 1206 1206 sibi
1226 1163 1297 1227 pre-

174 1224 264 1287 stitit.
337 1235 351 1288 t
383 1225 429 1288 sic
459 1234 659 1290 recesserunt
688 1225 730 1290 ab
762 1059 1327 1322 eofflfflssfflw

172 1307 277 1372 tribus
299 1309 430 1393 apiatas
453 1318 482 1373 et
503 1312 654 1384 castriis)
759 1295 789 1390 ss·

258 1391 360 1456 'Item
381 1411 465 1457 anno
479 1392 623 1480 predicto
639 1357 872 1458 Sffdbmmus
887 1374 1233 1478 Adolfius⁷³archiepisco
1257 1411 1296 1456 us
1307 1401 1343 1456 *a
1354 1405 1404 1447 ¹²⁹·

173 1472 337 1621 predictus
357 1477 479 1564 recepit
500 1499 518 1541 o
543 1476 598 1540 ida
619 1486 651 1541 et
672 1485 777 1540 castra
797 1475 985 1557 Wolffhain,
1009 1474 1222 1541 Grebenstein
1266 1484 1298 1540 ct

205 1559 391 1641 menhusea,
420 1562 497 1646 quia
517 1499 724 1644 lianggravius
753 1560 814 1625 sibi
834 1582 899 1625 non
920 1559 1015 1625 solvit
1035 1561 1204 1646 pecuniam
1225 1579 1298 1645 pro·

173 1641 315 1726 missam,
337 1651 374 1706 ut
395 1645 598 1730 premittitur.

257 1727 307 1792 Eo
328 1735 473 1813 tempore
495 1727 563 1791 dux
576 1727 727 1792 Austrie¹
749 1725 908 1792 diffidavit
923 1726 1212 1792 confederationem
1233 1726 1298 1790 dic-

172 1821 241 1876 tam
264 1809 393 1892 bundl,
416 1833 479 1897 que
501 1833 560 1876 con
583 1809 691 1915 lobatp
809 1833 866 1874 um
886 1811 961 1875 duci
981 1810 1087 1875 intulit
1109 1810 1184 1874 dam
1208 1831 1296 1874 num.

258 1895 357 1958 Anno
367 1895 500 1959 Domini
515 1896 558 1958 m'
584 1833 965 1976 esimo‘ilffidictione
983 1917 1076 1976 noua,
1092 1895 1181 1980 pon‘
1207 1903 1297 1986 catus

173 1978 298 2043 Urbani
319 2001 403 2042 anno
425 1978 455 2060 8,
477 1978 517 2044 de
539 2001 648 2043 mense
669 1977 797 2060 Marcii,
827 2001 901 2043 cum
928 1980 1013 2044 cives
1040 1979 1297 2043 Wormacieuses

174 2063 264 2126 citati
292 2070 324 2126 et
353 2063 461 2146 sepius
488 2063 613 2127 evocati
643 2061 686 2126 ad
713 2061 853 2127 tribunal
884 2063 970 2148 regis
997 2063 1214 2126 Romanorum
1239 2081 1299 2147 per

174 2144 295 2209 clerum
325 2145 599 2210 Wormacieaaem
633 2154 767 2231 propter
797 2167 949 2230 magnam
981 2145 1170 2210 violenciam
1199 2163 1299 2232 quam

174 2229 261 2294 cives
287 2226 461 2292 intulerant
487 2228 581 2311 clero,
609 2229 736 2314 ipsique
766 2230 852 2294 cives
873 2230 907 2292 in
929 2251 988 2293 sua
1006 2228 1178 2294 rebellione
1199 2227 1299 2314 persi-

176 2319 295 2376 stentes
321 2309 491 2376 noluerunt
519 2334 651 2396 compar
669 2335 704 2376 re
729 2334 790 2376 nec
818 2335 851 2377 se
874 2311 1054 2391 defendere,
1084 2311 1298 2377 confidentes⁶

176 2394 216 2458 de
238 2394 496 2460 confederacione
513 2384 631 2461 lbundt
646 2444 652 2458 .
675 2403 707 2459 et
723 2397 769 2459 sic
783 2396 869 2460 cives
884 2395 1045 2460 sentencia
1057 2394 1158 2479 regali
1171 2395 1300 2460 fuerimt

199 2479 348 2564 roscripti
376 2486 409 2542 et
437 2465 679 2543 condemnem*
669 2501 704 2541 m
735 2478 821 2544 mille
850 2500 974 2544 marcas
1003 2479 1102 2542 auri³.
1152 2477 1299 2565 Cumque

175 2501 265 2626 litere
286 2559 411 2646 regales
433 2571 539 2626 essent
559 2561 721 2648 publicato
743 2583 841 2648 super
861 2560 1044 2627 huiusmodi
1054 2563 1297 2648 proscriptione,

176 2647 263 2710 cives
283 2647 368 2730 inter
388 2644 451 2710 alia
460 2645 545 2711 mala
566 2655 598 2710 et
611 2644 799 2712 insolencias
814 2646 898 2712 clero
912 2645 1013 2711 factas
1028 2645 1167 2732 quodam
1182 2648 1300 2710 mane*

176 2751 251 2794 cum
270 2728 397 2794 vexillis
419 2737 451 2793 ct
472 2731 569 2794 armis
591 2729 631 2795 de
653 2732 755 2816 portis
775 2729 975 2816 eruperunt',
998 2749 1070 2793 cum
1090 2731 1232 2795 maximo
1254 2730 1300 2792 in-

177 2811 263 2877 sultu
288 2813 449 2878 irruerunt
471 2823 503 2878 et
523 2816 709 2879 invaserunt
731 2814 862 2901 opidum
884 2822 917 2878 et
936 2815 1145 2878 emunitatem
1168 2812 1299 2878 ecclesie

178 2897 280 2962 sancti
295 2895 451 2960 Oiriaci**
472 2898 506 2960 in
522 2897 706 2980 Nuhausen,
730 2919 904 2983 omnesque
926 2897 1056 2962 clericos
1079 2919 1159 2982 quos
1179 2895 1300 2960 ibidem

175 2982 382 3046 invenerunttt
387 2980 864 3063 maletractando,vulnerando,
873 2980 1079 3067 percutiendo
1088 2981 1299 3066 captivarunt,

176 3072 210 3129 et
229 3064 378 3129 omnibus
392 3087 504 3130 eorum
518 3065 708 3130 substanciis
722 3065 846 3146 ablatis,
870 3065 1016 3150 captiuos
1035 3085 1144 3128 secum
1166 3062 1208 3128 ad
1224 3064 1299 3126 civi·

175 3155 277 3213 tatem
290 3147 424 3212 viriliter
437 3157 605 3215 traxenmt
625 3150 884 3235 turribusque*lul
904 3149 1139 3234 manciparunt,
1162 3168 1300 3233 quorum

275 3319 302 3388 *)
324 3321 378 3372 Hic
401 3319 430 3372 in
450 3319 545 3373 Obsco.
564 3320 686 3374 Wormat.
707 3322 740 3387 (f.
759 3315 812 3374 41¹.
834 3319 943 3384 codicis)
968 3320 1026 3371 dies
1051 3319 1093 3372 tta
1117 3318 1204 3372 uerbis
1229 3315 1299 3368 iadi-

325 3401 399 3445 catus
419 3401 470 3446 est:
489 3411 576 3459 mane,
596 3396 698 3446 scilieet
716 3396 802 3459 prima
821 3395 864 3444 die
879 3395 981 3458 Marcii,
1002 3409 1052 3460 que
1065 3391 1115 3444 fuit
1128 3394 1220 3459 quinta
1232 3391 1300 3442 feria

324 3472 387 3517 ante
405 3469 472 3519 Esto
497 3469 562 3517 mihi
585 3469 650 3518 anui
671 3467 754 3531 13863
777 3467 845 3518 male
870 3466 945 3532 apud
962 3466 1102 3518 Baulorum
1127 3472 1151 3534 et
1170 3464 1301 3516 Baetae

326 3540 422 3608 lepitar
440 3545 516 3592 sexta
534 3541 609 3592 feria.

258 3609 301 3675 **)
323 3630 407 3680 prope
423 3619 450 3664 et
465 3620 539 3664 extra
553 3613 730 3664 Wormatiam
750 3613 814 3664 odd.
835 3611 929 3664 Cbroa.
949 3611 1070 3664 Womat.

242 3686 300 3750 m)
323 3687 438 3738 turribus
456 3687 542 3738 furum
562 3686 598 3737 ib.

1184 3763 1200 3801 '¹

179 3841 202 3893 a)
219 3843 304 3883 nobilis
320 3853 337 3882 ο.
389 3840 414 3895 b)
430 3843 502 3893 suppl.
519 3855 544 3883 ea
559 3843 628 3882 vertis
642 3843 785 3893 sequentibus.
837 3837 859 3891 c)
874 3839 988 3882 LXXXVI
1002 3850 1021 3880 ο.
1082 3837 1105 3881 dl
1122 3755 1299 3878 Gom.
1413 3897 1416 3902 .

178 3901 202 3954 e)
219 3901 364 3944 confidenter
378 3913 395 3944 c.
454 3900 473 3952 s)
490 3903 610 3993 eruperppt
624 3913 643 3942 e.
705 3900 728 3952 g)
745 3899 880 3980 invenerint
894 3911 912 3941 c.
1177 3897 1210 3945 M

181 4046 208 4109 1)
222 4043 303 4096 Paeto
323 4063 349 4095 a.
366 4046 445 4106 1885,
465 4061 499 4095 m.
513 4043 566 4096 Iul.
578 4044 622 4104 22,
635 4045 713 4109 facto
727 4041 903 4109 lcadpravs'us
915 4039 1089 4091 Hermaeum
1105 4035 1300 4102 archiepiscopo

178 4126 270 4169 castra
282 4124 307 4169 et
319 4119 397 4169 urica
409 4116 541 4183 Wolfhoia
553 4115 745 4182 (Wolsbcpeo),
755 4113 930 4166 ercamrao
939 4120 963 4164 ct
973 4109 1178 4163 Immenbaaseo
1192 4109 1302 4176 pipuori

179 4191 254 4242 dedit
270 4209 320 4257 pro
339 4191 425 4242 debito
445 4191 535 4240 20000
546 4190 610 4256 flor.
645 4188 674 4239 V.
694 4189 798 4240 Oudon.
818 4185 881 4250 III,
897 4202 928 4252 p.
944 4185 1007 4236 5⁷2.
1092 4180 1121 4249 2)
1141 4181 1300 4249 Leopobiur.

180 4262 211 4328 8)
227 4263 257 4316 V.
270 4264 425 4316 senteutiam
436 4263 534 4315 iudicis
546 4261 691 4328 imperialis
704 4261 737 4312 dc
750 4259 851 4312 actione
863 4259 987 4311 ecclesiae
997 4256 1119 4310 Wormat.
1132 4261 1226 4307 contra
1238 4253 1302 4307 civi·

179 4343 259 4388 tatem
278 4337 311 4389 de
332 4355 358 4388 a.
371 4336 451 4400 1886,
464 4336 526 4389 Ian.
537 4337 581 4398 29,
602 4353 646 4402 ap.
658 4333 803 4398 doluerat,
824 4333 894 4384 Hui.
909 4331 1021 4398 episcop.
1035 4330 1127 4381 Wom.
1137 4329 1179 4393 ΙΙ,
1196 4345 1227 4395 p.
1240 4327 1301 4381 196.
