3088 4962
186 477 190 484 .
273 441 311 492 bl
515 434 725 486 GHRONIOON
743 435 994 486 MOGUNTINUM.
1032 436 1165 488 A.1385.

272 608 483 706 infringentes
505 625 614 669 omnes
635 602 798 668 libertates
814 601 1044 667 ecclesiasticas
1065 604 1100 666 in
1113 602 1296 688 Magrmeia.
1331 601 1400 668 Sub

274 713 401 776 magnis
430 690 522 774 penis
550 686 757 751 inhibuerunt
778 687 925 751 omnibus
949 688 1015 750 suis
1038 687 1233 768 concivibus,
1260 685 1399 750 scilicet·
1419 674 1438 702 '‘

274 773 503 840 viniscrctariis
536 779 568 836 et
599 769 718 850 multia
739 769 810 832 aliis
843 770 1029 854 opificibus,
1062 778 1098 834 ut
1129 769 1234 834 nullus
1268 769 1401 834 auderet

274 859 422 924 laborare
449 855 588 936 clericis3
615 861 647 917 et
667 853 800 939 propter
827 853 889 917 hoc
909 852 970 916 fuit
990 862 1151 918 cessatum
1171 855 1206 917 in
1226 851 1400 939 Megrmcia

276 965 297 1006 a
323 941 440 1005 divinis
466 961 528 1038 per
555 936 672 1001 multos
700 959 810 1019 annos,
861 936 926 1001 uod
955 938 1040 1002 cives
1075 939 1205 1002 minime
1234 937 1399 1019 curabant,

275 1047 385 1112 ymmo
407 1021 606 1103 dendebant,
629 1021 705 1106 quia
726 959 946 1106 ,unuh‘lantt
968 1023 1005 1085 ia
1027 1023 1165 1087 heresi*.
1183 1032 1198 1050 ⁶

201 1146 266 1187 reas.
360 1125 455 1190 Anno
470 1123 604 1188 Domini
623 1122 711 1187 1380.
728 1124 848 1208 quinto,
869 1122 1041 1188 indictione
1056 1131 1180 1206 octava,
1195 1123 1399 1209 pontificatus

179 1234 234 1275 raa.
244 1235 265 1274 ι.
276 1209 402 1276 Urbani
431 1208 515 1272 sexti
536 1228 619 1271 anno
642 1207 789 1292 septimo,
811 1207 845 1269 in
867 1203 918 1270 die
941 1214 1054 1272 octava
1074 1207 1286 1272 Innocentum
1306 1216 1400 1272 nocte

277 1293 424 1380 sequenti
454 1292 522 1355 vise
555 1297 629 1353 sunt
659 1288 759 1354 multe
786 1291 1043 1354 choruscationes
1073 1292 1108 1355 in
1139 1313 1229 1370 aere,
1262 1300 1294 1355 et
1325 1299 1401 1375 post

277 1376 453 1464 quamlibet
474 1373 747 1440 choruscationem
769 1373 962 1459 sequebatur
982 1373 1122 1460 impetus
1136 1375 1271 1438 maximi
1284 1383 1400 1439 ventus

277 1461 320 1526 ad
345 1481 467 1523 morem
495 1457 628 1524 tonitrui
654 1477 727 1520 cum
757 1457 883 1541 magnis
911 1456 1045 1542 pluviis,
1078 1467 1111 1522 et
1138 1458 1224 1522 idem
1254 1467 1400 1522 austerus

276 1552 391 1610 ventus
414 1541 560 1606 duravit⁰
582 1561 641 1638 per
654 1548 756 1604 totam
775 1539 860 1603 diem
875 1550 1070 1626 sequentem,
1093 1540 1242 1608 videlicet
1256 1540 1401 1626 vigiliam

183 1607 330 1713 raa.s.§pi
354 1626 448 1690 hanie
469 1608 611 1705 ldimim,
641 1633 673 1688 et
699 1623 827 1688 fuerunt
847 1623 1071 1690 inundationes
1094 1647 1250 1711 aquarum
1271 1645 1399 1711 magne,

277 1721 310 1776 et
330 1649 443 1795 hyems
464 1707 558 1772 valde
579 1707 660 1771 lenis
681 1707 751 1771 fuit.

361 1791 458 1856 Cives
496 1791 748 1855 Wormatiensee
791 1791 967 1854 maximam
1001 1791 1191 1856 violenciam
1226 1791 1402 1856 intulerunt

277 1875 360 1941 clero
376 1884 408 1940 et
421 1877 505 1940 inter
519 1883 625 1938 cetera
638 1873 724 1938 mala
738 1874 950 1958 abumarum(¹
971 1876 1018 1939 eis
1039 1877 1183 1940 incuriis
1205 1884 1237 1940 et
1252 1875 1401 1941 domibus

278 1982 390 2025 eorum
417 1981 545 2023 omnem
575 1966 768 2022 structuram
791 1961 1066 2042 praemiacutew
1085 1963 1192 2044 super
1220 1958 1343 2046 plateas
1369 1968 1402 2024 et

162 2056 199 2107 ‘a
210 2061 268 2102 ras.
279 2042 412 2128 angulos
423 2041 611 2128 platearum.
644 2041 736 2104 Tunc
750 2041 852 2140 clerus
866 2045 998 2107 recessit
1013 2044 1051 2107 *a
1066 2045 1204 2125 civitate,
1218 2042 1402 2129 relinquens

162 2180 165 2186 .
277 2149 379 2192 vanas
402 2147 511 2190 omnes
535 2147 610 2188 suas
656 2147 860 2191 ossessrones.

353 2209 410 2274 'Eo
425 2219 569 2295 tempore
583 2147 734 2273 Urlanus
748 2231 837 2295 papa
851 2211 936 2295 cepit
954 2233 1013 2275 sex
1034 2208 1074 2274 de
1097 2211 1163 2274 suis
1177 2209 1402 2292 cardinalibus,

278 2315 359 2380 quos
375 2294 410 2356 in
424 2292 532 2357 eculeo
547 2293 753 2357 tormentavit
763 2304 784 2373 ¹,
806 2294 974 2378 imponens
988 2295 1078 2380 ipsis,
1102 2293 1190 2380 quod
1204 2316 1238 2359 se
1251 2294 1404 2360 volebant

277 2376 447 2442 tradidisse
470 2377 535 2440 suis
556 2377 702 2457 inimicis,
725 2375 881 2462 duxitque
902 2378 991 2462 ipsos
1014 2376 1191 2442 cardinales
1212 2379 1247 2442 in
1267 2377 1403 2442 vinculis
1454 2435 1455 2438 ,

277 2483 381 2548 usque
407 2461 544 2532 Ianuam
570 2461 678 2541 maris,
708 2459 764 2524 ubi
792 2461 1000 2546 postmodum
1025 2462 1128 2526 tenuit
1155 2463 1276 2526 curiam
1299 2483 1401 2545 suam,

277 2553 452 2632 postquam
472 2542 732 2608 liberatus¹⁸fuit
754 2543 794 2607 de
817 2543 992 2626 obsidione,
1023 2567 1088 2693 qua
1116 2544 1253 2610 vallatus
1281 2545 1342 2610 fuit
1368 2547 1404 2609 in

278 2637 384 2693 castro
405 2628 549 2711 Luceria,
570 2626 691 2691 Karolo
714 2625 754 2691 de
775 2627 855 2691 Patz
876 2629 887 2690 i
913 2651 985 2692 sum
1006 2651 1025 2694 o
1050 2629 1172 2694 sidente
1199 2638 1231 2694 et
1250 2651 1292 2694 ne
1313 2629 1403 2694 aubr-

301 2720 369 2778 eret
389 2713 513 2776 cautius
535 2711 742 2776 custodiente.
784 2711 860 2796 Ipse
906 2713 1025 2778 rbanus
1048 2713 1188 2799 privavit
1200 2712 1325 2778 Pileum
1347 2715 1404 2800 qui

322 2800 426 2860 amari.
450 2844 457 2859 .
482 2844 489 2858 .
513 2806 566 2858 ,θ’

362 2878 402 2943 In
429 2886 530 2944 estate
560 2886 712 2964 sequente
733 2876 881 2966 Adolffirs
904 2879 1163 2966 archiepiscopus
1186 2901 1259 2943 cum
1281 2871 1403 2944 Ottone

278 2961 530 3027 duea‘saxonie
558 2970 591 3026 et
618 2961 790 3026 multorum
820 2961 955 3027 aliorum
979 2965 1082 3050 princi
1106 2987 1162 3027 um
1189 2972 1230 3028 et*
1245 2963 1404 3028 baronum

100 3045 237 3151 [iamt-J
268 3048 447 3125 coercita&
474 3045 606 3110 intravit
633 3054 752 3110 terram
773 3046 911 3111 Hassie³
941 3057 1052 3112 contra
1106 3069 1295 3112 ermannum
1314 3047 1404 3132 lang-

145 3125 184 3147 f
199 3140 217 3161 “
278 3129 427 3214 gravium
438 3137 470 3192 et
480 3129 606 3194 obsedit
618 3129 750 3214 cpidum
761 3128 887 3213 Oasscl;
904 3139 937 3196 et
947 3153 1021 3206 curn
1031 3132 1152 3197 ibidem
1162 3141 1295 3218 propter
1305 3131 1404 3196 firmi-

278 3221 378 3277 tatem
399 3213 496 3276 trium
518 3213 687 3299 opidorum
698 3212 920 3279 Oasslenaiam
936 3237 1001 3279 non
1016 3216 1194 3302 proficeret,
1217 3213 1404 3279 circumvel-

277 3295 358 3360 lavit
379 3294 637 3382 archiepiscopus
658 3295 790 3382 opidum
804 3297 1020 3363 Ymenhusea.
1059 3298 1201 3385 Opidani
1222 3300 1404 3385 etquidem

376 3487 404 3554 *J
426 3486 462 3538 Ia
490 3486 585 3538 Obron.
616 3487 738 3541 Worract.
769 3488 801 3554 (f.
825 3489 858 3537 41
890 3488 987 3540 codicia
1013 3490 1110 3554 nostri)
1140 3497 1165 3542 ct
1192 3490 1221 3541 s'n
1245 3490 1403 3557 fracmento

427 3561 502 3624 apud
519 3559 659 3612 Budarem
672 3569 736 3627 poet
754 3563 920 3626 pullulabant
938 3564 967 3614 in
985 3563 1073 3614 berosi
1090 3563 1208 3628 sequitur
1226 3564 1404 3615 articulorum

426 3631 617 3773 {temptorum
636 3633 721 3686 treva
741 3635 878 3700 expositio,
904 3651 972 3701 qaae
995 3635 1025 3686 in
1044 3634 1172 3688 Obroat’co
1196 3645 1285 3688 uestro
1305 3637 1404 3701 f.134

279 3879 303 3930 a)
319 3881 350 3919 sie
364 3881 495 3928 scripturam
509 3881 604 3929 inoptam
618 3880 665 3921 eod.
681 3882 741 3921 saltz
756 3847 807 3921 beria
822 3893 860 3923 em.
880 3881 912 3922 W.
971 3881 997 3934 b)
1013 3882 1145 3932 pullulabat
1160 3894 1186 3930 a,
1201 3883 1226 3923 ln
1241 3883 1306 3924 haer.
1327 3884 1404 3933 suppl.

277 3951 304 3979 ea
320 3941 369 3980 Otr.
387 3938 465 3979 Wcrm.
519 3921 645 4012 'dsdnflffl
659 3950 677 3979 e.
744 3939 769 3990 d)
790 3940 938 3981 absumar-unt
960 3946 990 3980 est
1012 3953 1075 3981 error
1090 3941 1173 3982 Budcrt'
1192 3942 1218 3982 tn
1238 3947 1334 3992 murato
1350 3953 1402 3984 cuc.

279 3996 302 4048 a)
317 3998 388 4047 eappa.
405 4009 430 4038 aa
445 3999 494 4040 Otr.
508 3996 586 4039 Worm.
646 3996 777 4048 llllbertus
792 4010 811 4038 c.
870 3998 992 4052 g)eup1›l.,·
1009 4011 1028 4040 e.
1043 4001 1195 4070 slawic.

268 4156 309 4223 l)
337 4155 376 4222 Of.
402 4156 598 4226 Koeaiqshcfea
618 4175 648 4224 p.
675 4159 738 4208 598.
768 4167 792 4210 et
817 4159 993 4226 Greyoroviua
1020 4161 1037 4211 l.
1064 4177 1086 4214 c.
1114 4160 1165 4224 VI,
1190 4177 1220 4227 p.
1247 4160 1309 4214 518.
1336 4161 1404 4214 521.

280 4229 310 4294 2)
337 4229 401 4282 Vide
425 4247 510 4296 capra
528 4249 558 4296 p.
579 4231 614 4280 44
630 4249 667 4298 eq.
749 4233 779 4291 3)
805 4232 845 4298 Cf.
871 4231 967 4284 aaron.
986 4231 1072 4284 Lama.
1098 4251 1119 4286 c.
1138 4233 1201 4288 134.
1226 4242 1250 4285 et
1274 4233 1405 4298 Rcmmel,

278 4301 383 4355 ‘aesca
410 4320 435 4354 c.
454 4302 564 4355 Heaseu'
583 4303 630 4367 II,
651 4321 680 4370 p.
697 4305 759 4368 216,
782 4305 815 4357 cle
840 4305 905 4357 bello
929 4305 959 4356 ia
982 4305 1086 4358 Horaia
1111 4325 1136 4358 a.
1157 4307 1237 4372 1385,
1262 4323 1296 4358 m.
1320 4307 1405 4358 Iunio

276 4381 359 4442 pecto.
396 4374 492 4429 Obroa.
511 4383 631 4428 nostram
641 4377 737 4444 sarias
756 4379 789 4430 dc
809 4395 841 4430 ea
859 4396 888 4431 rc
906 4385 1011 4429 amat.
