3088 4962
255 392 292 443 to
494 391 703 443 OHRONICON
721 391 974 444 MOGUNTINUM.
1012 393 1044 445 Δ.
1065 391 1144 445 1380.

256 561 336 625 Vl·
350 582 433 625 anno
445 558 593 641 seeundo,
609 558 782 624 Clementis
788 559 862 624 VH.
874 581 957 624 anno
965 559 1114 644 secundo,
1126 559 1254 626 dinavit
1266 560 1384 626 scisma

256 647 340 712 iuter
366 644 467 708 dictos
494 665 607 729 papas.
654 642 806 708 Urbanus
833 644 983 730 privavit,
1014 645 1302 708 excommunicavit
1328 645 1381 709 etb

256 727 358 794 multa
379 726 463 792 mala
482 725 589 790 intulit
609 725 835 792 adherentibus
857 726 1023 793 Clementi.
1068 726 1222 794 Similiter
1233 726 1382 792 Clemens

256 813 332 879 fecit
353 800 584 916 adherenlibu}
599 810 742 876 Urbane.

152 917 216 961 rar.
226 917 247 958 a
341 896 380 960 In
401 894 577 959 Februano
598 916 708 958 mense
729 895 813 959 circa
829 893 947 959 festum
960 895 1125 960 Dorothee
1145 896 1281 962 moritur
1294 894 1383 961 Wal-

256 1002 365 1046 ramus
387 1000 493 1043 comes
514 978 549 1040 in
572 977 756 1063 Spanheim.

142 1067 176 1110 *·
232 1071 246 1111 ¹·
342 1063 399 1126 *ln
418 1060 481 1125 illis
503 1060 617 1126 diebus
645 1063 729 1125 inter
749 1061 831 1126 festa
851 1061 970 1148 pasche
992 1070 1024 1127 et
1044 1065 1383 1158 pentecostesyconve-

131 1129 650 1231 'fflffl'nerrmtvthhanckfordie
677 1144 882 1210 Wentzelaus
909 1169 968 1210 rex
995 1155 1027 1210 et
1047 1147 1208 1232 principes
1230 1145 1382 1210 electores

256 1229 928 1398 reassumpsisse
942 1228 1383 1399 parisiasae
1450 1169 1529 1368 l

254 1400 381 1463 niarum
402 1397 602 1460 collectiones
622 1397 656 1459 in
671 1395 851 1479 Alamania,
872 1398 1053 1484 penitencia
1074 1396 1198 1480 ductus,
1220 1396 1383 1462 transtulit
1529 1424 1530 1484 p

81 1483 163 1526 ’Μ
257 1504 292 1547 se
313 1481 356 1546 ad
377 1479 575 1546 Clementem
596 1501 727 1566 papam.
901 1481 1048 1521 “’”··-·’
1090 1499 1161 1518 ““··“
1176 1503 1198 1514 ‘
1232 1531 1259 1548 κ

340 1565 390 1629 Eo
411 1572 557 1650 tempore
577 1564 639 1628 fuit
658 1564 693 1627 in
719 1571 788 1627 tota
807 1561 862 1628 illa
882 1586 917 1628 re
943 1565 1013 1629 'one
1059 1563 1221 1630 estilencia
1242 1563 1381 1629 mortali·

255 1650 331 1714 tatis
353 1647 551 1734 gallinarum,
573 1649 619 1712 ita
662 1646 727 1711 uod
747 1648 909 1733 principes
974 1586 1222 1712 anchenfordie⁰
1245 1669 1382 1712 eommo-

255 1742 363 1798 rantes
389 1753 455 1796 non
483 1670 725 1796 commedehant
753 1729 793 1796 de
821 1729 947 1816 gallinis
975 1739 1007 1795 et
1032 1753 1105 1796 raro
1135 1732 1175 1796 de
1198 1733 1267 1798 ovis
1275 1732 1293 1814 l,
1319 1753 1382 1818 que

257 1817 386 1882 omnino
413 1823 504 1880 erant
531 1837 640 1898 exosa,
673 1835 735 1901 que
765 1837 893 1901 semper
919 1823 1014 1880 antea
1041 1815 1171 1880 fuerunt
1194 1824 1292 1901 grata
1322 1837 1382 1901 pro

199 1880 329 1983 hesu3
355 1921 456 1964 eoram
484 1898 586 1961 mfim1
612 1907 645 1962 et
665 1897 822 1982 1gnobiles
850 1899 1044 1965 seruabant
1070 1921 1162 1964 esum
1182 1899 1382 2000 gallinamm.

257 1984 349 2048 Tunc
363 1981 479 2046 dieitur
517 1981 678 2046 acificatos
692 1981 791 2047 fuisse
805 1981 851 2046 ibi
874 2004 925 2046 em
939 1984 974 2046 in
987 1983 1222 2048 Franckfordra
1236 1983 1382 2048 dominos

257 2065 411 2131 Adolfum
440 2073 472 2130 et
525 2065 704 2175 ιῆιᾲρξίοωηη
731 2065 911 2152 sepedictus
943 2037 1128 2198 ,adtamen
1159 2069 1194 2132 in
1225 2089 1380 2154 suspenso

256 2171 396 2216 manere.
617 2174 621 2178 ·
1006 2155 1012 2181 ³

340 2234 380 2298 In
400 2253 510 2298 mense
523 2232 616 2297 Iunio
637 2233 720 2298 facte
742 2240 816 2296 sunt
829 2233 962 2299 mirifice
978 2241 1185 2320 tempestates
1206 2234 1380 2319 turbinum,
1530 2213 1532 2356 l

257 2317 449 2404 grandinum
471 2325 503 2382 et
524 2315 717 2382 diluviorum
737 2318 771 2380 in
792 2316 901 2380 multis
922 2317 1070 2404 partibus
1091 2319 1176 2382 circa
1197 2317 1381 2403 Ooloniam3

258 2403 420 2489 oppressit
439 2400 600 2466 frumenta
621 2401 762 2466 maximo
785 2399 859 2465 dam
883 2422 925 2466 no
945 2399 1044 2483 illato,
1067 2410 1099 2466 et
1111 2410 1226 2487 postea
1241 2401 1382 2487 pluviale

165 2541 167 2546 .
257 2495 289 2550 et
309 2494 478 2550 ventosum
501 2533 508 2550 .
532 2483 690 2550 ‚duravit
710 2507 748 2548 us
771 2506 812 2548 ue
834 2422 881 2549 ad
894 2485 1036 2549 medium
1049 2485 1200 2576 AuQir
1221 2486 1381 2550 interdum
1401 2522 1471 2539 r«

256 2577 504 2656 temperatum.
547 2567 738 2658 Septejrber
795 2568 818 2630 ‘t
838 2566 932 2633 valde
946 2553 1038 2634 Bone
1060 2590 1146 2632 aure.
1509 2564 1533 2597 '¹

341 2652 381 2717 ln
405 2651 459 2716 illo
488 2660 554 2716 tem
579 2647 728 2716 credun
748 2651 911 2736 Rupertus
940 2653 1007 2717 anti
1029 2674 1090 2716 uus
1110 2651 1248 2716 Bavarie
1276 2671 1382 2718 comes
1531 2641 1533 2710 l

154 2743 216 2852 ><
281 2735 418 2802 alatinus
457 2743 490 2834 et
524 2673 661 2800 Adolfus
700 2733 961 2822 archiepiscopus
996 2673 1211 2822 ddaguntiaus
1246 2757 1381 2821 magnas

299 2821 438 2886 bueumt
458 2827 541 2883 mter
563 2841 597 2884 se
618 2841 769 2904 gwerras.

342 2903 382 2967 In
403 2924 513 2967 mense
527 2901 608 2967 Iulio
630 2903 691 2967 fuit
703 2901 819 2988 Pragis
840 2910 873 2967 et
885 2901 1040 2969 Bohemie
1055 2926 1174 2988 magna
1186 2901 1381 2989 pestilencia,

155 2995 295 3062 *fluant
339 2988 410 3051 uasi
431 3007 541 3050 omnes
563 2986 727 3051 studentes
748 2987 863 3052 timore
884 2989 995 3051 mortis
1016 2990 1205 3052 recesserint
1212 2988 1247 3052 is
1273 2987 1384 3051 *lunc

259 3071 329 3136 dice
353 3079 425 3136 atur
467 3068 533 3134 uod
546 3091 611 3134 una
626 3071 804 3156 septimana
819 3070 902 3134 1100
915 3069 1059 3136 homines
1075 3071 1123 3136 ibi
1136 3071 1381 3138 moriebanturi.

342 3154 382 3219 In
403 3091 517 3220 didlsus
538 3151 599 3217 illis
621 3153 783 3252 Rupertus
805 3153 881 3236 dux,
910 3175 1018 3238 comes
1039 3155 1199 3254 palatinus
1218 3154 1382 3242 predictus

259 3260 333 3304 cum
359 3260 477 3323 magno
504 3238 647 3302 exercitu
677 3239 796 3303 mvasit
827 3225 982 3338 diogen?
998 3237 1181 3326 Spirensem
1209 3248 1243 3304 et
1267 3247 1383 3326 postea

258 3322 523 3407 Magmtinamk,
555 3329 587 3384 et
618 3321 720 3386 multa
748 3319 833 3386 mala
864 3323 1024 3406 exercuit5
1060 3321 1236 3388 combussit
1271 3345 1382 3389 omnes

258 3404 361 3488 villas,
414 3427 455 3470 au
479 3425 548 3470 eres
576 3404 727 3492 spoliavit
753 3407 991 3492 captivavitque
1019 3413 1052 3471 et
1072 3407 1196 3492 fugavit
1217 3429 1326 3472 omnes
1347 3408 1382 3471 in

260 3489 312 3554 dic
339 3427 567 3586 sidioedsibusi¹
586 3498 652 3554 tam
680 3488 810 3554 clericos
840 3511 937 3576 quam
963 3489 1071 3573 laicos,
1099 3513 1209 3556 eorum
1236 3490 1329 3556 bonis
1351 3499 1384 3556 et

259 3571 318 3672 red
342 3573 437 3672 'tibus
470 3571 598 3720 ablalp'ts„
636 3582 668 3638 et
698 3574 791 3638 iuxta
823 3595 914 3639 suam
948 3573 1145 3640 voluntatem
1177 3575 1384 3660 pertransivit

260 3657 362 3746 drctas
388 3649 540 3739 dioceses,

517 3728 527 3748 ν
592 3657 696 3721 emine
725 3657 788 3722 sibi
811 3658 987 3741 resistente,
1017 3658 1164 3724 incendio
1187 3658 1384 3723 devastando

260 3749 353 3840 extra
374 3741 472 3840 opida
493 3741 646 3827 quicquid
666 3749 736 3806 erat
756 3741 791 3804 in
811 3749 905 3825 terra,
926 3763 991 3806 non
1009 3740 1178 3808 advertens
1200 3764 1257 3807 sue
1279 3762 1385 3807 senec-

260 3833 639 3996 tumPeddtlthli'ihdenam
653 3906 789 3973 Adolfus
804 3906 1063 3996 archiepiscopus
1076 3907 1291 3994 Magantiaas
1312 3930 1385 3974 con·

261 4080 284 4134 a)
306 4083 369 4134 U.
449 4081 474 4134 b)
498 4074 540 4124 σι’
623 4083 631 4122 l
670 4091 704 4132 ar
727 4091 772 4131 pro
795 4081 820 4121 ln
843 4092 881 4121 em.
904 4091 952 4122 cam
976 4080 1008 4124 W.
1033 4087 1062 4124 et
1145 4082 1168 4134 c)
1191 4092 1297 4123 commun
1332 4093 1344 4122 r
1365 4091 1378 4122 σ

261 4140 285 4194 d)
301 4145 357 4182 tuno
371 4152 389 4186 r.
405 4151 442 4182 em.
458 4141 484 4184 (ἕ.
497 4083 848 4202 mandarimus
864 4151 882 4182 r.
957 4138 1046 4194 osvin
1061 4153 1079 4184 c.
1205 4151 1241 4183 em
1258 4151 1374 4218 orabumo

261 4199 286 4253 h)
303 4203 449 4243 recesserunt
463 4212 481 4244 o.
540 4197 559 4253 i)
574 4200 706 4274 mouebant
726 4211 745 4242 c,
805 4197 831 4252 k)
847 4201 995 4288 Maguuccljm
1011 4212 1043 4251 c.,·
1059 4211 1098 4244 rm.
1112 4211 1160 4242 cum
1180 4200 1211 4242 W.

263 4341 292 4409 1)
313 4342 358 4394 Ἰ).
370 4340 610 4411 Reiehstapsootco'
623 4341 648 4406 I,
664 4359 694 4408 p.
706 4341 776 4393 2⁷1:
795 4339 941 4395 &uocatas
951 4341 1127 4409 Francosarti
1140 4341 1305 4407 a.1880,m.
1318 4339 1386 4407 Apr.
