3088 4962
343 394 552 446 CHRONIOON
570 393 823 447 MOGUN'PINUM.
863 395 895 448 A.
918 393 998 460 1381.
1021 395 1100 449 1882.
1249 397 1284 448 ts

159 560 370 645 vagabantur,
399 563 476 647 quia
495 561 657 647 principes
678 570 761 627 terre
781 561 930 627 foverunt
950 562 1031 628 tales
1051 586 1192 650 nequam
1212 585 1285 650 rap-

159 653 253 728 tores,
277 645 364 730 quod
384 643 463 709 nulli
477 644 638 710 audebant
660 666 769 710 secure
783 647 918 711 transire
939 669 998 734 per
1011 655 1130 713 terram
1152 647 1192 712 de
1212 645 1282 712 loco

160 727 203 791 ad
222 727 337 811 locum,
361 729 437 815 quia
457 729 491 791 in
512 729 670 827 principio
693 727 852 794 sefacere
875 741 914 794 θ.
938 779 945 794 .

243 812 293 876 Eo
314 821 459 898 tempore
479 811 540 876 frnt
559 811 704 876 fertrlitas
725 812 958 897 temporalium,
980 815 1056 898 vini,
1080 813 1232 880 frumenti
1252 822 1284 880 et

159 895 302 959 omnium
316 897 474 961 bonorum
487 894 723 982 temporalium,
746 918 807 982 que
828 918 888 981 pro
903 896 1027 962 modico
1043 897 1283 982 estimabantur,

160 977 217 1043 sed
243 981 385 1064 pessima
411 977 574 1042 insultatio
603 987 767 1066 raptorum
789 978 936 1064 vigebat:
965 979 1125 1045 maldrum
1148 981 1197 1045 sili
1223 983 1230 998 '
1256 984 1263 998 '

161 1062 201 1126 12
230 1062 302 1146 sol,
331 1061 510 1148 plaustrum
538 1063 605 1126 vini
627 1064 803 1127 commrmis
829 1051 1064 1129 crementisho
1088 1004 1354 1156 librasffisg*

243 1147 282 1211 In
303 1146 364 1210 hac
383 1147 499 1232 hyeme
519 1145 649 1211 Rhenus
672 1155 721 1211 est
742 1145 926 1232 congelatus
950 1146 1034 1213 infra
1055 1148 1188 1247 opidum
1209 1148 1282 1212 Pin-

159 1240 264 1314 guens
306 1230 424 1296 scilicet
437 1229 623 1294 Bacharach
638 1238 670 1292 et
683 1230 775 1312 infra,
791 1231 847 1316 qui
860 1231 894 1294 in
909 1231 977 1296 eius
991 1239 1128 1296 transitu
1140 1233 1282 1297 maxima

158 1315 234 1379 fecit
278 1336 396 1400 ampna
416 1313 536 1378 ibidem
558 1299 753 1418 constitufis?

242 1415 337 1480 Anno
352 1415 485 1479 Domini
500 1415 551 1479 80.
574 1414 713 1479 secundo
735 1415 769 1478 in
789 1415 853 1479 fine
867 1415 1008 1481 Ianuarii
1022 1418 1182 1482 exercitus
1204 1415 1279 1480 civi-
1291 1442 1357 1486 rear.

157 1507 261 1564 tatum
275 1489 543 1600 Magantipthsi's',
563 1499 829 1580 Wormacieasis,
852 1498 1024 1584 Spirensis,
1046 1501 1300 1584 Hagnaweasr‘ss
1309 1533 1421 1621 ἦν

158 1591 191 1648 et
205 1583 461 1668 Argentmenscs,
483 1581 823 1665 Fhanokeniordensis,
845 1584 929 1648 circa
948 1585 1011 1648 500
1031 1575 1282 1666 lanceatiflmille
1419 1593 1428 1606 '

159 1666 355 1766 sagittariils
378 1665 514 1752 profecti
549 1675 623 1730 sunt
655 1675 765 1731 contra
794 1666 969 1732 Iohannem
1004 1666 1044 1732 de
1076 1667 1280 1750 Rodenstein,

158 1750 292 1837 oprdum
314 1757 346 1814 et
368 1747 515 1814 castriola
535 1749 622 1814 dicta
635 1749 797 1831 ,Schotten
818 1759 850 1815 et
870 1752 1084 1815 municionem
1098 1751 1281 1834 Bommerss-

157 1833 244 1898 heim
273 1833 528 1898 destruxerunt1.
577 1833 726 1898 Predicte
753 1835 898 1899 civitates
927 1856 1001 1898 cum
1028 1834 1132 1920 opidis
1156 1834 1281 1900 chvie

158 1917 360 1982 confederata
391 1915 509 1980 multas
541 1925 753 1982 exercuenmt
787 1916 976 1983 insolencias
1008 1927 1118 1984 contra
1151 1917 1279 2000 clerum,

156 2000 251 2066 valde
272 2002 305 2064 in
321 1998 631 2082 elationem'lerecti0,
654 2002 730 2087 quia
751 2000 982 2088 aliquantulum
997 2010 1185 2089 prosperate
1207 2009 1281 2064 sunt

158 2092 269 2150 eontra
329 2083 463 2149 uosdam
499 2093 606 2150 castra
640 2084 840 2170 possidentes
876 2093 909 2150 et
944 2086 1089 2151 dominos
1124 2094 1281 2151 terrarum

157 2106 434 2233 circumsedentes.

241 2251 344 2315 *Item
364 2273 447 2314 anno
462 2251 606 2336 predicto
628 2259 661 2315 et
682 2259 755 2315 ante
769 2250 953 2315 Ludovicus
969 2251 1008 2316 de
1022 2252 1144 2316 Missen
1163 2253 1280 2316 iterum
1290 2271 1325 2325 v.
1336 2275 1387 2318 irs.

158 2357 192 2400 se
206 2334 378 2400 intromisit
392 2333 433 2398 de
453 2333 528 2398 sede
542 2329 829 2419 Maguntirfflicet
851 2337 958 2400 omnia
971 2336 1120 2420 primitus
1134 2335 1280 2400 fuerant<l
1320 2360 1331 2453 1

156 2417 374 2504 complanata:
393 2418 521 2503 scripsit
536 2440 570 2482 se
585 2417 860 2502 archiepiscopum
874 2418 1104 2502 Maguntioum
1118 2427 1150 2483 et
1162 2439 1282 2482 novam
1302 2426 1343 2516 ts

154 2501 407 2566 iurisdictionem
420 2503 455 2564 in
469 2501 566 2600 opido
577 2501 667 2566 Yene
681 2502 715 2563 in
729 2499 906 2586 Thuringia
920 2503 1031 2584 erexit,
1054 2500 1281 2587 cohortemque

154 2585 351 2650 ribaldorum
365 2585 475 2672 posuit
491 2608 526 2649 ιιι
540 2585 637 2671 opido
653 2583 768 2666 Saltza,
791 2585 847 2684 qui
862 2585 983 2670 ubique
997 2585 1280 2669 circumvagantes,

155 2671 358 2768 captivanmt
379 2691 488 2734 omnes
511 2667 640 2734 clericos
662 2669 718 2754 qui
733 2669 861 2733 dommo
876 2661 1168 2754 Adolfd‘tanquam
1183 2668 1282 2733 archi·

156 2753 732 2936 samnarcham
753 2752 1103 2922 gororanus
1123 2751 1281 2900 aaa

180 2921 296 2985 restitit
320 2921 525 2984 Hermannus
554 2919 751 3005 lantgravius
777 2919 896 2984 Hassie
923 2928 955 2983 et
984 2886 1038 2984 alii
1059 2921 1109 2983 sui
1129 2919 1279 2983 fautores.

156 2942 251 3068 ltnde
280 3003 504 3069 miserabiliter
529 3002 678 3089 plagatus
712 3013 815 3068 morte
846 3004 966 3068 interiit
997 3004 1067 3088 ipse
1096 3001 1279 3068 Ludovicus

156 3088 329 3172 inprovisa,
356 3086 505 3152 videlicet
530 3108 602 3151 cum
629 3087 762 3152 haberet
789 3095 821 3151 et
842 3086 1017 3152 celebraret
1038 3087 1185 3150 convivia
1206 3095 1280 3150 ante

157 3172 401 3256 carnisprivium
422 3171 457 3233 in
478 3170 575 3256 opido
597 3170 735 3252 Kalben,
765 3170 871 3235 subito
895 3169 1009 3235 domus
1032 3171 1099 3234 sive
1120 3168 1279 3255 palacium

157 3243 347 3320 commutise
369 3255 534 3317 incensum
555 3253 616 3317 fuit
624 3255 710 3338 igne
733 3276 775 3318 ex
799 3253 999 3338 negligencia
1019 3252 1220 3334 famulorum,
1234 3261 1280 3318 et

158 3358 231 3400 cum
251 3337 322 3422 ipse
342 3336 569 3424 velI'etfugere
591 3345 623 3402 et
637 3336 773 3401 evadere
793 3336 934 3401 furorem
954 3339 1039 3422 ignis
1071 3336 1186 3402 cecidit
1207 3357 1281 3400 cum

157 3419 265 3484 multis
292 3418 362 3484 aliis
390 3443 411 3484 a
431 3442 556 3484 summo
577 3421 611 3484 in
632 3441 778 3506 preceps,
806 3428 838 3484 et
860 3421 905 3484 sic
925 3386 1147 3486 miserabiliter
1167 3419 1280 3484 eodem

157 3511 319 3570 momento
340 3505 441 3568 vitam
461 3503 596 3568 finivit².

157 3673 355 3744 diuiduum.
408 3690 433 3744 b)
455 3693 525 3742 sarm
577 3703 620 3732 sa
673 3689 695 3743 c)
712 3692 792 3790 oluff
806 3703 824 3732 a.
848 3702 886 3733 em.
903 3703 951 3732 cam
966 3691 991 3733 θ.
1005 3691 1037 3733 W.
1083 3689 1108 3744 d)
1128 3691 1239 3732 finierunt
1253 3701 1280 3739 a,

157 3764 195 3794 em.
212 3764 260 3793 oum
276 3752 307 3794 W.
708 3761 735 3791 eo
784 3761 817 3791 un

367 3749 390 3800 e)
408 3753 525 3793 communi
552 3779 566 3800 .,
587 3750 617 3792 W.
633 3750 690 3791 cont.
817 3720 947 3800 i'-1gne.
1165 3733 1182 3790 b

480 3807 502 3842 b
532 3819 553 3842 v·
806 3797 907 3866 ψ

160 3902 188 3968 1)
207 3902 371 3956 Bodemteim
389 3908 506 3954 castrum
524 3910 549 3954 et
567 3910 640 3953 terra
657 3899 687 3952 in
699 3897 1011 3967 Haeo-Statana
1026 3915 1111 3966 prope
1124 3895 1280 3950 Gramboab.

158 3975 283 4028 δώσετε(
302 3977 339 4028 ad
355 3976 387 4043 st.
409 3975 504 4028 Nidda
521 3975 550 4025 ia
569 3974 673 4025 Hostia
690 3974 835 4040 superiore.
873 3971 1080 4025 Bommersbeim
1093 3987 1179 4038 prope
1196 3970 1280 4022 Hom·

158 4049 233 4117 bary.
270 4049 311 4113 ty.
330 4051 363 4101 de
381 4047 548 4115 ewpeditioae
566 4053 659 4099 eontra
677 4045 801 4099 Schotten
820 4047 1021 4098 ‘Non-ationem
1039 4045 1073 4097 de
1091 4045 1170 4096 rebus
1194 4042 1281 4094 orobi-

158 4119 237 4188 episc.
259 4121 335 4188 Moy)
356 4139 401 4188 op.
420 4121 573 4184 Bodmana,
593 4119 714 4188 ‘Rhodop
733 4119 851 4172 Allata)
867 4138 897 4186 p.
913 4120 976 4173 811.
997 4127 1022 4171 et
1039 4117 1165 4181 Bdbmer,
1184 4115 1281 4168 Fontes

158 4195 178 4246 Ι
181 4194 211 4259 V,
231 4211 263 4260 p.
280 4195 342 4246 366.
418 4194 448 4260 2)
469 4193 551 4246 Cosas
571 4202 684 4246 otmaro
703 4193 887 4246 Ludoos'os‘de
906 4191 1009 4244 Misaio
1031 4191 1060 4243 ia
1079 4191 1176 4258 oppido
1196 4187 1282 4241 Kalbe

158 4268 196 4319 ad
215 4267 310 4318 Sulmo
329 4266 436 4333 prolixe
453 4275 570 4318 narrato
588 4273 651 4318 aaut
674 4266 704 4318 ia
723 4266 855 4334 ‘Moqdeh
876 4264 1105 4332 Sebdppeaebroa.
1125 4259 1282 4365 Stttdteobrl

165 4340 247 4404 VIII,
261 4357 293 4406 p.
311 4339 373 4391 284.
495 4339 498 4345 '

1033 4437 1051 4487 4
