3076 4964
359 345 567 399 CHRONICON
585 347 837 400 MOGUNTINUM.
875 349 909 398 A.
932 347 1011 399 1998.
1034 348 1113 398 1399.
1264 349 1298 400 '15

172 515 327 601 colligens
349 515 504 601 pecunias
526 512 644 580 multas
666 523 698 579 et
719 516 753 578 in
774 513 854 580 locis
877 515 1128 598 circumvicinis,
1150 537 1212 602 que
1235 515 1298 580 dis·

172 598 346 665 tribuendo
365 609 471 664 essent
491 599 597 684 primo
619 598 671 664 die
692 599 771 663 Maii
793 599 869 662 anni
890 599 1197 684 nonagesimi-noni
1227 622 1298 685 pre·

173 685 270 749 dictis
286 705 380 748 cruce
395 679 545 769 signafis}
563 681 651 768 quod
668 691 786 774 postea
806 705 871 747 non
893 683 1110 769 contingebat.
1144 682 1296 748 Attamen

172 768 270 834 iidem
285 766 396 832 salutis
419 789 476 832 sue
490 767 684 832 inmemores
698 789 764 832 non
778 769 967 832 extiterunt:
989 769 1023 830 in
1044 765 1158 853 vigilia
1172 777 1297 832 sancto·

172 875 244 918 rum
259 851 401 936 Philippi
423 861 455 918 et
468 849 582 917 Iacobi
595 849 822 936 apostolorum
831 851 1009 916 seeundum
1028 852 1152 915 iussum
1171 851 1298 917 Nicolai
1308 875 1380 928 Apro.
1393 877 1430 922 sc.

172 936 312 1023 predicti
339 937 522 1021 interpretis
553 935 787 1001 Corduli*oum
815 957 933 1020 magno
955 939 1111 1000 comitatu
1131 947 1298 1016 venerunt,

172 1019 497 1105 volentes-promissa
517 1017 654 1084 fideliter
674 1019 859 1106 adimplere,
882 1019 939 1084 sed
960 1030 1094 1104 propter
1114 1021 1161 1084 rei
1175 1021 1298 1085 infecti-

61 1121 66 1129 '
172 1127 268 1170 onem
294 1126 359 1169 non
380 1113 562 1189 potuerunt,
590 1103 679 1190 quod
699 1103 833 1188 longum
853 1103 938 1169 foret
959 1125 1126 1186 enarrare3
1154 1105 1297 1170 *merum
1306 1125 1341 1180 *n
1352 1130 1404 1173 ιω.

56 1267 58 1272 Ι
172 1211 274 1254 unum
296 1189 450 1270 fecerunt,
473 1187 560 1274 quod
582 1209 696 1252 cruces
715 1189 906 1253 dimiserunt
927 1210 985 1252 seu
1000 1187 1219 1273 deposuerunt
1240 1187 1298 1253 ubi

172 1281 373 1359 receperunt,
396 1281 429 1336 et
451 1274 497 1336 sio
518 1293 602 1336 unus
625 1273 740 1358 uisque
755 1272 910 1338 remeavit
930 1271 973 1336 ad
995 1293 1063 1337 sua.
1107 1273 1151 1337 Et
1165 1273 1297 1338 scanda-

171 1357 238 1422 lum
261 1355 338 1421 cleri
358 1355 436 1421 heu!
470 1378 534 1422 non
556 1293 719 1420 modicum
741 1357 860 1420 exinde
880 1364 985 1420 ortum
1007 1366 1064 1422 est.
1108 1356 1163 1420 Ex
1184 1357 1298 1421 eadem

172 1462 271 1506 causa
298 1441 476 1526 interpreti,
504 1441 538 1504 id
566 1449 614 1506 est
642 1440 775 1505 Nicolao
805 1441 845 1504 de
868 1437 1092 1524 Grirnenberg,
1119 1461 1140 1504 a
1166 1441 1297 1505 domino

172 1525 363 1611 Moguntino
386 1524 510 1610 prelato
525 1523 697 1589 interdicta
718 1535 767 1589 est
781 1524 939 1590 confessio
955 1523 1117 1588 audienda
1138 1533 1170 1590 et
1191 1546 1297 1589 sermo

171 1609 215 1674 ad
235 1608 403 1695 populum,
426 1607 543 1708 quibus
559 1609 686 1674 duobus
708 1607 761 1674 die
778 1616 940 1694 noctuque
959 1609 1031 1692 fuit,
1051 1609 1150 1674 timeo
1164 1617 1299 1695 propter

172 1703 333 1780 questum,
355 1691 550 1778 implicatus.

256 1779 464 1842 Item⁸⁴anno
509 1785 655 1842 renotato
678 1775 751 1840 98.»
773 1785 916 1860 tempore
935 1776 1106 1860 autumpni
1128 1785 1298 1842 creverunt

171 1862 248 1927 vina
262 1861 398 1926 multum
413 1799 533 1926 debilia
554 1871 587 1926 et
601 1862 635 1924 in
649 1881 767 1944 magna
782 1861 886 1946 copia,
908 1881 1020 1946 ymmo
1041 1861 1074 1922 in
1097 1869 1188 1925 tanta
1209 1861 1297 1948 quod

170 1947 205 2008 in
227 1946 390 2032 aliquibus
412 1944 493 2010 locis
520 1955 653 2031 propter
673 1965 826 2008 vasorum
848 1945 1023 2009 carentiam
1045 1941 1154 2028 colligi
1176 1953 1209 2009 et
1229 1946 1298 2010 vin-

170 2030 307 2094 demiari
334 2051 400 2092 non
426 2038 584 2114 poterant,
609 2036 755 2114 utpute
781 2030 814 2092 in
843 2027 1072 2113 Montzinmns
1103 2037 1134 2092 et
1162 2028 1195 2091 in
1217 2027 1297 2094 locis

172 2113 413 2178 circumvicinis
435 2121 467 2176 et
485 2113 520 2176 in
534 2113 722 2178 Wormacia
743 2120 775 2176 et
795 2112 829 2174 in
845 2111 1104 2198 quampluribus
1122 2111 1194 2178 aliis
1209 2111 1299 2193 locisr

256 2197 295 2260 ln
317 2217 402 2261 anno
423 2199 578 2282 sequenti,
600 2193 752 2260 videlicet
772 2195 823 2276 99,
840 2195 952 2294 hyems
974 2193 1068 2260 valde
1090 2195 1152 2260 fuit
1173 2217 1298 2282 aspera.
1377 2260 1382 2268 ,

172 2281 282 2346 Renus
304 2277 556 2364 congelabatur⁶
577 2289 652 2344 ante
675 2279 924 2378 carnisprivrum
950 2287 1023 2343 ante
1046 2281 1208 2344 civitatem
1231 2280 1299 2346 Μο-

172 2365 341 2450 guntinam
364 2373 396 2430 et
410 2365 467 2428 vix
482 2365 570 2428 stetit
590 2385 650 2449 per
672 2372 743 2426 octo
766 2361 851 2428 dies:
874 2385 918 2428 ex
933 2360 1173 2448 Omnipotentis
1189 2364 1300 2448 gracia

172 2448 294 2534 glacies
305 2447 429 2535 absque
444 2447 562 2513 damno
578 2457 626 2514 est
639 2445 789 2529 resoluta,
804 2447 968 2511 necrsine
982 2445 1148 2511 hominum
1158 2447 1300 2533 dampno

173 2533 315 2599 recessit.

257 2619 340 2682 Item
362 2613 581 2690 anncsseodem
609 2615 761 2698 armigeri
784 2615 917 2699 quidam
938 2612 979 2678 de
1000 2613 1148 2698 partibus
1172 2614 1299 2682 Swevie

172 2699 349 2782 inferioris,
382 2699 579 2786 congregata
607 2699 738 2764 cohorte
765 2699 843 2764 satis
869 2718 1003 2782 magna;
1039 2709 1151 2762 contra
1175 2697 1299 2764 emulos

173 2807 249 2849 suos
272 2807 345 2849 cum
368 2785 480 2850 eadem
502 2792 735 2870 processerunt,
756 2784 790 2846 in
812 2805 877 2868 qua
898 2804 981 2846 unus
1003 2781 1122 2847 nobilis
1145 2781 1185 2846 de
1200 2783 1299 2848 Eren-

173 2869 254 2954 berg
264 2869 334 2934 fuit.
369 2869 516 2955 Cumque
526 2868 625 2934 iidem
637 2889 739 2954 prope
750 2867 923 2947 civitatem,
938 2865 1091 2932 videlicet
1105 2867 1300 2953 Rodenberg

167 2959 225 3016 ‘nn
246 2953 304 3018 der
318 2953 473 3034 nubem,
493 2975 590 3038 quam
605 2949 775 3017 molestare
789 2949 1009 3033 intendebant,
1025 2951 1196 3032 venissent,
1213 2952 1300 3017 cives

174 3036 257 3102 clam
287 3039 462 3123 premuniti
485 3046 580 3101 nocte
602 3058 677 3100 cum
701 3036 766 3100 suis
788 3036 938 3100 exierunt
964 3045 996 3100 et
1017 3036 1162 3119 ipsorum
1185 3034 1299 3100 decem

174 3131 207 3186 et
232 3130 355 3207 septem
371 3131 477 3206 preter
490 3119 598 3186 hostes
614 3119 777 3186 diffidatos
799 3121 832 3182 in
848 3119 961 3184 eadem
978 3117 1109 3183 cohorte
1123 3121 1299 3186 existentes

174 3216 345 3291 ceperunt,
361 3226 442 3291 quos
461 3206 497 3269 17
513 3227 578 3269 non
589 3203 751 3269 diffidatos
767 3203 807 3268 de
818 3225 912 3268 mene
924 3201 1175 3286 decollaverunt,
1190 3204 1299 3269 hostes

173 3309 250 3354 vero
262 3291 406 3373 ipsorum
416 3287 559 3354 turribus
569 3290 845 3374 mancipaverunt.
870 3287 938 3372 Ipsi
954 3288 1038 3351 enim
1050 3285 1195 3352 homines
1207 3289 1300 3352 *sunt
1308 3304 1344 3358 *n
1356 3306 1414 3348 ur.

175 3371 330 3438 bellicosi.
373 3372 505 3436 Utinam
526 3371 614 3458 quod
636 3373 781 3462 civitates
803 3371 1095 3476 Renerrlsffiffiessent
1116 3371 1213 3436 tales!

258 3457 344 3521 Item
372 3477 457 3519 anno
480 3452 661 3540 prenotato
678 3455 860 3520 tercia‘die
890 3463 964 3520 ante
986 3454 1106 3519 Albani
1134 3455 1405 3541 martyrisfnms.

174 3542 310 3606 durante
332 3540 483 3605 scismate
510 3541 545 3603 in
566 3538 703 3604 ecclesia
725 3550 837 3605 sancta
857 3561 917 3624 per
938 3540 1052 3624 viginti
1073 3561 1174 3603 unum
1196 3561 1298 3604 annos

154 3618 313 3712 [laeuj‘et
339 3623 477 3710 amplius
499 3624 582 3688 inter
603 3622 769 3687 dominum
790 3623 1003 3704 Bonifaeium,
1026 3624 1080 3710 qui
1102 3623 1205 3686 Rome
1227 3645 1298 3708 pre-

174 3707 302 3774 sidebat
323 3716 355 3773 et
377 3758 385 3772 .
402 3757 409 3772 .
427 3708 620 3790 ,dominus
635 3707 796 3772 Iohannes
811 3707 1073 3792 archiepiscopus
1087 3705 1313 3792 Moguntiffpsr

173 3801 361 3879 prenotatus
388 3814 423 3857 re
447 3793 532 3868 imon
559 3790 695 3874 abbacie
717 3792 836 3856 Montis
860 3792 971 3857 Sancti
1001 3790 1118 3856 Albani
1145 3793 1238 3856 iuxta
1266 3791 1301 3857 et

175 3887 269 3943 extra
294 3898 403 3941 muros
466 3868 617 3962 ogbiidid‘
634 3878 705 3958 sitiet
733 3883 866 3962 propter
893 3878 1037 3962 ipsorum
1066 3874 1298 3940 monachorum

174 3961 296 4028 ibidem
310 3963 412 4027 vitam
424 3961 641 4026 inordinatam
655 3960 829 4046 permulta
843 3971 990 4048 tempora
1004 3959 1144 4026 habitam
1147 4009 1157 4043 ,
1179 3983 1199 4025 a
1213 3981 1298 4047 papa

177 4152 200 4205 a)
216 4154 228 4194 1
243 4165 261 4194 c.
323 4151 347 4203 b)
363 4153 436 4228 XC&
450 4147 468 4192 ό.
530 4148 551 4202 c)
568 4151 766 4230 congelepfturc.
829 4149 852 4202 d)
868 4162 895 4192 ac
916 4151 947 4194 W.

178 4303 204 4365 1)
225 4300 312 4366 Prope
331 4299 498 4353 Kreusnarb.
575 4298 605 4367 2)
626 4299 795 4367 Botbenburp
815 4300 851 4351 ad
863 4301 894 4367 fl.
919 4299 1031 4353 Parthen
