3090 4962
295 322 390 373 XVIII
620 317 830 370 OIIRONIOON
847 317 1100 370 MOGUNTINUM.

295 491 526 573 episcoporum
549 487 833 552 Wormatiensium
862 508 962 571 usque
992 487 1037 550 ad
1065 508 1095 550 0.
1120 485 1210 551 1509.
1237 486 1430 570 pertinente
1494 521 1495 554 1

294 594 332 636 00
355 593 437 634 usus
458 580 517 652 est,
539 569 666 634 nullum
688 572 759 634 eius
778 572 947 634 inuenitur
967 570 1155 654 oestiqium,
1184 571 1302 634 necin
1324 569 1428 633 Nuu-

297 654 377 720 cleri
391 655 544 719 chronico
567 657 712 718 omnium
733 655 879 738 qentium
895 654 1067 717 historiam
1089 675 1192 738 usque
1214 653 1260 717 ad
1279 651 1429 716 01600.

293 747 468 820 tractante,
490 761 548 802 nec
570 741 607 802 in
631 738 801 802 Prithemii
825 736 998 803 Chronicis
1019 736 1272 821 Sponheimensi
1293 737 1430 802 011111-

293 823 480 908 sauqiensi,
509 823 547 886 in
575 823 691 907 quibus
713 822 854 884 materia
876 844 949 884 cum
975 843 1015 886 eu
1040 821 1151 884 multis
1174 821 1262 904 aliis,
1291 830 1360 885 tum
1383 844 1430 885 en

296 907 506 993 Moquntinis
519 905 674 990 fontibus
695 915 848 990 conoesta
869 915 924 969 est.

385 989 518 1052 Primus
550 987 710 1054 Chronico
739 989 937 1074 Moquntino
969 1010 1050 1052 usus
1080 996 1125 1052 est
1153 987 1311 1053 Latomus
1343 1012 1430 1052 non-

265 1073 398 1138 ‘nnllis
424 1072 505 1136 locis
529 1072 682 1157 Ootaloyi
711 1075 766 1136 sui
792 1074 901 1156 episco
928 1093 1020 1135 orum
1047 1081 1077 1134 et
1098 1072 1430 1157 archiepiscoporum

295 1157 602 1241 Mequntinensium
619 1179 718 1240 usque
729 1157 775 1219 ad
787 1179 818 1219 a.
833 1095 942 1238 16867
943 1155 1096 1235 Β1111101,
1108 1155 1224 1220 Fontes
1235 1157 1257 1219 Ι
1260 1157 1290 1237 V,
1301 1179 1338 1240 p.
1349 1157 1429 1222 418.
1494 1225 1495 1246 ,

294 1239 452 1320 0141911.
496 1240 608 1304 Etiam
631 1239 798 1321 Serorius,
820 1241 970 1303 societati
991 1240 1190 1304 Iesuitarum
1217 1241 1372 1304 addictus
1397 1251 1430 1304 et
1494 1309 1495 1314 1

297 1324 492 1408 Moquntiae
508 1323 681 1408 professor
701 1323 892 1408 theoloqiae,
919 1325 956 1388 in
979 1345 1100 1408 maqno
1122 1346 1181 1387 suo
1204 1333 1300 1410 atque
1321 1327 1430 1410 aravi
1494 1325 1495 1344 ¹

296 1405 390 1484 libro,
413 1407 546 1470 ‘Rerum
561 1407 856 1492 Mequntiacurnm
871 1405 948 1470 libri
964 1407 1013 1488 V',
1036 1409 1132 1471 ouius
1148 1407 1248 1472 editio
1260 1411 1429 1494 princeps

297 1513 329 1554 a.
346 1491 438 1555 1604.
459 1493 548 1576 typis
569 1513 727 1576 enpressa
742 1501 800 1571 est,
821 1489 991 1554 nonnullis
1006 1490 1086 1554 loeis
1103 1491 1264 1556 Chronico
1278 1493 1428 1577 Monun-

296 1577 366 1640 tino
388 1597 468 1638 usus
483 1585 539 1656 est,
561 1575 618 1638 ubi
631 1575 748 1638 litteris
763 1574 856 1639 MSL
871 1577 911 1657 (i.
928 1596 953 1637 e.
968 1576 1233 1659 manuscriptum
1247 1575 1428 1658 Latinum)

297 1658 510 1744 siqnificatur
548 1659 634 1722 uelut
664 1681 699 1722 eo
721 1657 801 1738 loco,
829 1681 892 1743 quo
922 1658 1039 1722 seditio
1070 1681 1091 1720 u
1114 1659 1429 1744 Moyuntinensibus

297 1752 414 1807 contra
436 1708 588 1808 satellites
609 1743 801 1806 Bohemicos
826 1743 1038 1828 imperatoris
1059 1742 1178 1808 Karoli
1199 1743 1257 1807 IV.
1282 1767 1312 1807 a.
1330 1744 1428 1808 1372.

288 1825 390 1910 foetu
412 1826 570 1909 (Ioannis
593 1827 626 1907 I,
651 1849 687 1910 p.
704 1825 782 1907 682,·
814 1824 856 1910 cf.
874 1825 908 1908 f.
933 1826 1020 1906 111')
1048 1835 1077 1890 et
1099 1848 1146 1908 eo,
1174 1849 1237 1911 quo
1259 1837 1430 1892 narratur

298 1910 501 1974 Ludooicum
522 1911 720 1972 Misnensem
744 1909 856 1974 urchie
881 1911 1047 1994 iscopatas
1070 1910 1232 1974 aemulum
1254 1931 1335 1975 casu
1365 1913 1429 1976 ad·
1485 1971 1487 1980 s

297 2015 389 2058 verso
409 1997 468 2140 11ξὸ
483 1993 606 2078 oppido
628 1992 730 2057 Kalbe
756 2017 787 2057 a.
813 1932 903 2058 1362.
925 2003 1088 2058 mortuum
1117 2016 1185 2058 esse
1213 1996 1258 2078 (I,
1284 2017 1321 2079 p.
1345 1996 1427 2078 687,-

298 2102 341 2143 c.
382 2126 389 2141 .
489 2123 496 2138 .

307 2075 486 2225 ΗΜ11116
514 2162 647 2245 saepius
676 2161 734 2225 hoc
757 2162 866 2226 codice
888 2182 976 2226 nona
1005 2163 1042 2224 in
1065 2160 1197 2226 Serarii
1222 2165 1331 2247 operis
1352 2164 1426 2228 edi·
1494 2165 1495 2230 ἶ

298 2245 385 2310 tione
424 2267 504 2308 usus
543 2253 588 2308 est
624 2245 782 2324 Ioannis,
823 2246 947 2310 Rerum
987 2245 1280 2331 Moquntiacorum
1323 2249 1356 2311 Τ.
1395 2249 1426 2312 Ι.
1494 2239 1495 2266 ’

298 2350 330 2398 a.
349 2327 439 2393 1722.
487 2327 557 2402 Quo
584 2331 621 2393 in
651 2328 733 2393 libro
763 2328 818 2392 ille
843 2330 961 2412 optime
988 2329 1027 2392 de
1054 2330 1193 2394 historin
1222 2332 1355 2394 meritus
1383 2370 1422 2379 —
1456 2409 1460 2414 ἱ

298 2421 397 2476 natus
421 2436 452 2477 a.
470 2403 561 2478 1658.
588 2414 624 2475 in
648 2414 726 2477 urbe
749 2413 953 2490 Marhtbreit,
976 2412 1149 2496 professor
1177 2423 1248 2478 erat
1269 2415 1425 2498 Biponti,

298 2496 356 2560 ubi
376 2505 523 2562 mortuus
539 2506 584 2558 est
599 2519 631 2559 a.
649 2495 740 2559 1735.
764 2534 804 2544 —
825 2499 996 2560 materiam
1011 2497 1110 2562 multo
1130 2501 1228 2562 etium
1251 2497 1424 2584 ampliori·
1486 2555 1487 2570 ,

295 2579 357 2643 bus
380 2583 476 2644 uuait
498 2579 778 2659 adnotationibus,
802 2601 885 2664 quas
906 2601 946 2643 eoo
967 2579 1088 2644 tabulis
1112 2582 1254 2664 publicis
1278 2584 1423 2646 auctori·

297 2663 419 2748 busque
435 2671 651 2746 excerpserat.
684 2663 795 2726 Etiam
810 2671 831 2725 t.
847 2663 893 2744 ΙΙ,
913 2686 975 2747 quo
992 2673 1151 2745 auctores,
1166 2666 1424 2749 dissertationes,
1494 2691 1495 2694 ¹

297 2747 433 2811 tabellae
449 2747 495 2809 ad
510 2747 682 2810 historiam
698 2747 1002 2831 archiepiscopatus
1017 2758 1046 2812 et
1060 2747 1271 2814 ecclesiarum
1282 2752 1425 2835 111091111-

296 2833 445 2894 tinorum
477 2831 662 2914 spectantia
695 2833 911 2913 continentur,
945 2831 1154 2914 Miscella,
1188 2835 1275 2918 quod
1306 2857 1424 2897 nomen

296 2915 391 2978 haud
413 2937 434 2976 a
459 2924 527 2976 tum
547 2913 687 2977 Ioannis
712 2913 873 2979 Ohronioo
901 2925 1011 2980 nostro
1037 2919 1202 3000 imponere
1224 2916 1310 2997 solet,
1337 2937 1422 2979 non-

297 2995 400 3061 nullis
425 2937 506 3060 16111
529 3008 828 3062 commemorantur.
875 2998 978 3062 Plura
1001 3000 1118 3062 dehoc
1141 3001 1249 3062 codice
1272 3021 1293 3060 a
1319 3022 1352 3062 se
1375 3001 1423 3063 ad

298 3081 470 3144 historiam
492 3080 735 3144 describendum
758 3082 905 3146 adhibito
928 3084 1032 3146 tradit
1057 3085 1095 3146 in
1112 3082 1326 3166 praelatione
1348 3092 1369 3145 t.
1392 3084 1422 3164 I,

295 3163 354 3228 ubi
374 3165 554 3248 ueneratim
571 3164 609 3228 de
625 3165 833 3250 Moquntinis
855 3168 927 3251 uait
949 3167 1112 3249 operibus,
1135 3187 1175 3227 ero
1190 3166 1306 3248 quibus
1322 3167 1421 3230 histo-

297 3249 384 3310 riam
401 3269 495 3312 suum
507 3249 618 3312 hausit
624 3270 635 3329 ,·
651 3249 804 3312 describit
818 3273 889 3312 eum
906 3255 956 3332 (p.
971 3249 1027 3329 16)
1044 3250 1095 3311 his
1111 3248 1234 3312 verbis:
1250 3248 1422 3313 Habentur

297 3331 396 3394 etiam
411 3325 607 3395 collectanea
621 3330 764 3395 miscella
785 3353 944 3395 manuscr.
968 3341 1096 3430 prietes
1117 3353 1168 3395 res
1190 3331 1270 3396 alias
1285 3333 1422 3418 Mogun—

152 3449 228 3506 ”m
297 3415 380 3478 tinas
406 3414 583 3499 praecipue
612 3415 865 3502 complectentia..
910 3416 1073 3500 Inolp1unt
1101 3415 1142 3480 ab
1164 3438 1248 3480 anno
1272 3419 1361 3481 1187.
1389 3426 1422 3481 01

297 3497 413 3561 finiunt
434 3499 468 3560 in
487 3519 572 3562 anno
589 3498 680 3578 1478,
703 3500 930 3584 continentque
945 3498 1038 3584 plura
1059 3499 1129 3562 aliis
1150 3501 1305 3584 ignorata,
1329 3499 1422 3584 plura

297 3583 394 3646 etiam
416 3580 530 3645 melius
552 3581 622 3646 aliis
637 3581 802 3667 explicant
817 3622 856 3629 —
874 3583 1028 3648 -latent
1048 3584 1081 3646 in
1104 3582 1218 3669 ἀρχείῳ
1241 3583 1323 3648 bene
1342 3583 1422 3648 mihi

296 3675 384 3730 nota.
428 3666 566 3730 Initium
593 3676 687 3749 atque
708 3665 794 3746 finis
816 3678 1005 3751 conqruunt
1030 3671 1136 3754 iqitur
1163 3691 1234 3731 eum
1259 3666 1420 3734 Chronico

297 3751 429 3835 eiusque
452 3751 697 3814 continuatione
719 3752 826 3814 nostri
848 3751 969 3815 codicis
977 3775 989 3833 ,·
1011 3755 1083 3816 item
1106 3762 1335 3836 arqumentum
1350 3755 1420 3817 hre-

296 3836 380 3898 uiter
393 3843 581 3920 narratum,
603 3834 690 3919 quod
706 3835 822 3918 quanti
844 3836 885 3896 sit
899 3838 1049 3900 momenti
1062 3837 1221 3900 Ioannem
1237 3860 1303 3902 non
1311 3837 1419 3924 fuqit.
1494 3861 1495 3864 ¹

297 3917 485 3982 Dolendum
501 3926 556 3998 est,
579 3917 667 4000 quod
682 3919 781 4002 quasi
797 3940 957 3982 arcanum
973 3918 1077 3984 locum
1092 3920 1218 4002 celauit,
1241 3919 1306 4006 quo
1319 3924 1420 3986 codem

297 4010 446 4070 seruatus
460 4011 548 4082 esset,
572 4011 668 4086 utque
690 4002 827 4086 difficile
842 4005 986 4087 sequitu,
1008 4026 1067 4068 eur
1088 4005 1167 4068 haec
1181 4005 1331 4069 Miscello
1353 4030 1420 4070 non

297 4086 456 4148 universo
484 4087 521 4148 in
550 4107 611 4148 suo
638 4094 721 4149 tomo
750 4108 832 4150 nouo
855 4084 1062 4171 Scriptorum
1089 4088 1245 4152 historiae
1268 4090 1418 4174 Moqunt.

301 4263 328 4328 1)
350 4261 390 4329 CJ.
410 4264 481 4330 Wyss
501 4263 611 4316 ‘Studio'
626 4283 657 4331 p.
671 4266 716 4317 46.
