3090 4962
262 423 300 473 VI
581 421 790 473 CHRONIOON
808 420 1059 471 MOGUNTINUM.

263 589 507 676 Koeniqsbofen
537 599 565 652 et
592 589 748 653 ebronica
776 590 946 675 Anqustae
970 590 1176 653 Treuirorum
1198 609 1380 652 commemo·

264 685 395 739 rantur.

349 759 384 840 2)
413 757 455 842 (f
488 755 675 838 88-15u)
714 756 943 822 Chronicon
970 757 1276 841 Mequntinum,
1309 759 1381 820 sine

264 840 357 908 titulo
379 851 407 906 et
428 842 651 924 inscriptione,
673 841 712 904 de
735 863 796 932 qua
818 843 854 906 in
878 841 1080 926 sequentibus
1103 850 1229 923 opetur.

348 926 382 1013 3)
407 926 451 1010 (f
475 925 671 1005 153-173)
694 925 903 1012 Adiunqitur
919 924 1191 1010 praecedentibus
1213 926 1284 988 sine
1302 946 1382 1008 pro·

260 1011 345 1094 pria
372 1011 589 1094 inscriptione
622 1008 799 1094 Oataloqns
836 1018 865 1072 et
892 1011 1032 1074 bistoria
1060 1009 1382 1095 archiepiscoporum

265 1095 536 1180 Moquntinorum
553 1117 573 1156 a
588 1091 761 1177 Bonifatio
777 1117 878 1179 usque
901 1094 945 1157 ad
960 1093 1127 1157 Albertum
1149 1093 1188 1157 de
1203 1093 1379 1156 Brundin-

264 1179 348 1264 bnrq
379 1179 475 1259 1514,
507 1179 603 1242 cuius
631 1180 786 1242 maiorem
813 1187 942 1263 partem
967 1199 1159 1262 responsum
1187 1178 1382 1241 canonicum

265 1263 391 1341 obtinet,
436 1285 477 1326 uo
501 1263 648 1326 dimissio
667 1263 806 1326 Henrici
827 1263 866 1326 de
889 1262 1070 1348 Virneburq
1088 1261 1252 1346 probatur
1273 1285 1294 1324 a
1312 1260 1381 1326 Cle-

264 1356 365 1410 mente
389 1286 438 1410 Vl.
456 1368 554 1431 papa
569 1348 753 1410 constituta.
796 1347 886 1410 Haec
904 1369 991 1432 pars
1011 1344 1137 1410 nullius
1158 1347 1307 1410 momenti
1328 1353 1382 1408 est.

349 1431 383 1512 4)
415 1429 457 1514 (f.
487 1428 692 1511 lut-199)
723 1431 821 1494 Acta
854 1433 1031 1515 antiqno
1056 1439 1231 1515 tempore
1258 1429 1382 1493 Eber-

266 1515 392 1580 bardi
420 1514 608 1600 (leqendum
637 1523 701 1578 est:
729 1515 895 1597 Eclcardi)
929 1516 974 1579 de
1010 1515 1164 1578 Derscb
1195 1514 1382 1599 episcopi

271 1599 597 1679 Wormatiensis,
623 1599 661 1662 id
689 1608 734 1662 est
755 1620 807 1663 res
836 1608 943 1684 qestae
971 1599 1220 1664 Wormatienses
1241 1607 1381 1682 tempore

265 1705 407 1768 maqnao
429 1683 596 1746 ciuitatum
612 1682 908 1767 confoederationis
928 1687 1027 1748 annis
1046 1683 1274 1763 1381-1388,
1298 1703 1382 1766 quae

265 1769 435 1851 incipiunt
448 1767 569 1831 verbis:
586 1766 681 1830 Oirca
695 1788 795 1831 annos
810 1766 943 1830 Domini
958 1767 1050 1832 1381.
1066 1766 1211 1830 civitates
1249 1773 1382 1847 olentes,

267 1851 443 1937 Ratispcna
458 1849 588 1932 scilicet,
609 1849 789 1936 Noriberga
811 1859 842 1914 et
857 1852 898 1916 36
914 1850 1010 1936 opida
1025 1850 1152 1932 Suevie,
1174 1859 1203 1914 et
1242 1853 1383 1914 niuntur

266 1935 387 2000 uerbis:
423 1935 467 1998 Et
493 1935 539 1998 sic
570 1935 673 1998 omnis
700 1935 893 2019 conspiratio
922 1935 1188 2000 confederationis
1217 1935 1383 1998 civitatum

266 2017 459 2084 annichilata
480 2029 512 2082 et
532 2017 571 2082 lis
594 2017 698 2083 soluta
719 2029 779 2082 est.

120 2109 238 2160 namin·
271 2183 272 2188 η
351 2104 421 2168 Hoc
433 2103 664 2188 fraqmentum
673 2106 804 2188 primus
821 2103 995 2169 Cocblaeus
1015 2105 1053 2168 in
1069 2103 1271 2167 collectaneis
1293 2105 1386 2167 suis:

107 2168 255 2269 'moal
266 2187 308 2251 In
335 2210 441 2252 causa
466 2187 639 2273 reliqionis
666 2187 944 2252 miscellaneorum
965 2187 1044 2252 libri
1065 2197 1138 2254 tres.
1181 2187 1385 2272 Inqolstadii

107 2289 160 2328 tero
172 2288 256 2329 sattim.
269 2272 360 2336 1445.
383 2270 417 2356 f.
456 2271 524 2334 111‘
550 2308 588 2318 -
615 2271 692 2335 113'.
728 2295 743 2335 e
773 2273 880 2336 codice
909 2272 1107 2357 Mequntino
1138 2273 1253 2354 edidit,
1284 2281 1319 2335 ut
1346 2273 1384 2335 in

266 2356 482 2440 inscriptione
524 2356 677 2420 adnotat:
727 2355 810 2420 Acta
848 2357 981 2442 antiqua
1022 2366 1166 2442 tempore
1205 2354 1387 2420 Eberhardi

267 2439 411 2526 episcopi
439 2439 580 2520 Worm.,
608 2461 650 2504 ex
677 2439 787 2504 codice
817 2438 956 2524 quodam
983 2443 1103 2526 scripto
1133 2451 1284 2525 excerpta
1316 2439 1384 2503 Mo·

266 2525 406 2609 guntiae,
431 2533 526 2609 atque
547 2527 663 2588 iterum
685 2523 768 2589 libro
790 2536 943 2589 eneunte:
965 2524 1176 2611 Exscriptum
1200 2525 1386 2609 Moguntiao

266 2607 457 2674 ann01522.
502 2607 834 2673 Animadvertendum
854 2619 910 2688 est,
932 2611 970 2672 in
993 2610 1050 2675 boc
1068 2610 1151 2674 libro
1169 2611 1253 2672 idem
1268 2610 1385 2672 uitium

268 2693 354 2778 quod
383 2693 420 2755 in
442 2701 549 2756 nostro
593 2714 697 2776 noque
719 2693 828 2757 codice
848 2694 1011 2757 inueniri:
1040 2701 1184 2779 tempore
1205 2691 1385 2757 Eberhardi

262 2798 327 2861 pro
349 2773 508 2857 Eekardi3
536 2715 650 2840 sedin
673 2776 882 2840 describendo
906 2800 995 2840 anno
1019 2777 1110 2842 1386.
1134 2775 1264 2860 amplus
1284 2777 1385 2858 locus,

288 2883 331 2925 no
354 2860 467 2924 seditio
492 2883 512 2922 a
540 2859 826 2925 Wormatiensibus
847 2871 876 2924 et
891 2861 1095 2946 Moquntinis
1117 2872 1232 2926 cantra
1253 2861 1386 2926 clericos

258 2883 360 3030 docta
383 2953 571 3026 enarratur,
593 2946 631 3008 in
653 2955 802 3029 eoccerpto
826 2947 964 3009 omissus
986 2955 1041 3010 est.

352 3028 442 3092 Idem
447 3027 686 3114 frapmentum,
696 3052 899 3176 puamquam
915 3030 1084 3094 nonnullis
1100 3052 1139 3093 coc
1150 3037 1249 3177 {lam
1264 3029 1385 3113 ineptis

268 3113 394 3177 mendis
424 3123 612 3198 corruptum
642 3119 694 3197 (ue

268 3196 310 3262 36
336 3195 434 3298 cpida
448 3195 593 3298 ‘Sueviae
609 3197 733 3298 ‘leqitur
754 3197 934 3282 Noriberga
964 3205 1031 3306 eta
1047 3197 1143 3298 opida
1166 3197 1321 3277 Sueviae)
1349 3198 1388 3308 iq

268 3281 398 3345 Badera
429 3280 511 3346 libro
544 3291 632 3370 typis
664 3303 854 3366 cupressum
885 3291 940 3365 est,
973 3283 1152 3347 ‘Nutzlucbe
1184 3280 1377 3366 Sammlunq

270 3365 388 3450 (1735)
413 3389 451 3450 p.
482 3366 556 3433 491.
590 3389 662 3430 cum
692 3368 926 3450 inscriptione:
959 3367 1173 3431 ‘Historiscbe
1205 3367 1389 3430 Nacbricbt

268 3449 431 3598 qqnappp
444 3449 564 3598 1lqigupd
593 3450 651 3513 der
677 3450 869 3516 Rbeiniscb-
901 3452 971 3516 und
1000 3450 1250 3516 Scbcottbiscben
1272 3450 1386 3516 Statu

354 3583 684 3703 Sebannathuoque
715 3619 752 3682 in
781 3618 863 3683 libro
896 3641 955 3682 suo
988 3619 1151 3684 ‘Historia
1180 3621 1388 3704 episcopatus

275 3701 529 3768 Wormatiensis'
560 3707 609 3785 (a.
636 3701 724 3766 1734.
753 3702 848 3786 edito,
872 3705 1074 3788 priusquam
1094 3704 1211 3768 Buder
1234 3702 1313 3767 libri
1334 3704 1388 3768 sui

269 3787 441 3852 editionem
463 3787 609 3867 curavit)
627 3809 664 3871 p.
687 3786 759 3852 404.
791 3789 861 3851 eius
873 3786 1063 3872 fraqmenti
1078 3798 1209 3874 partem
1240 3787 1388 3873 aliquam

271 3872 316 3936 aol
330 3871 461 3971 uerbum
476 3871 651 3971 descripsit
665 3891 707 3934 ex
721 3870 827 3934 verbis
842 3871 993 3956 anonymi
1010 3872 1177 3936 cuiusdam
1194 3871 1386 3958 Synchrcni,

270 3966 307 4019 m
329 3954 582 4104 2pdbliindiiitboc
601 4037 831 4125 fraqmentum
856 4062 872 4102 e
899 4039 1029 4104 Buderi
1055 4039 1137 4105 libro
1164 4050 1328 4124 sumptum
1349 4041 1386 4104 in

272 4132 393 4225 lumi
418 4122 1242 4274 ,aliqulpqleppipqpqpqppapa
1263 4124 1388 4188 voum

271 4217 497 4376 mcrbdbbliies,
526 4231 702 4379 ciniani
724 4292 1007 4372 demonstrabitur,
1036 4294 1076 4357 A.
1101 4233 1212 4358 Huber
1227 4290 1389 4377 praetulit

270 4376 424 4464 sinqulas
446 4378 515 4441 eius
533 4388 648 4462 partes
659 4375 865 4463 fraqmentis
882 4375 1037 4443 Cbronici
1050 4378 1242 4464 Moquntini
1255 4376 1391 4442 miscelli

709 3122 745 3177 ut
765 3115 839 3197 ipsc
861 3115 970 3197 initio,
992 3115 1049 3178 ubi
1066 3136 1131 3198 pro
1186 3112 1333 3198 oribsrga
1354 3121 1386 3176 et
