3088 4962
404 330 613 382 onnomcou
630 307 885 382 uocummrmss
919 331 953 384 A.
974 330 1054 384 raes.
1255 335 1290 386 51

239 496 353 562 *Circa
365 496 445 561 illud
451 506 579 584 tempus
587 495 816 562 Gandavenses
827 497 1050 563 miserabiliter
1060 507 1134 561 sunt
1145 497 1259 564 afflicti
1265 510 1289 582 ⁸,
1299 512 1331 568 *a
1340 518 1401 560 ras.

166 581 323 646 interfecti
344 590 376 646 et
395 580 553 646 vulnerati
575 604 595 646 a
609 581 723 645 comite
738 580 888 646 Flandrie
902 581 1021 646 auxilio
1042 584 1127 666 regis
1141 582 1289 668 Francie3

167 673 199 730 et
219 667 253 728 in
274 687 338 728 uno
359 664 442 729 bello
458 665 675 730 occubuerunt
697 664 847 746 ramilis,
869 687 979 729 omnes
1000 666 1035 730 in
1055 687 1155 730 unum
1176 689 1290 751 agrum

165 750 296 834 portati,
317 756 435 832 negata
457 747 654 833 sepultura1.

250 838 345 904 Circa
358 839 443 904 idem
458 849 587 924 tempus
601 861 661 904 rex
674 840 808 904 Francie
822 842 964 906 maxime
977 840 1122 939 plagavit
1131 841 1290 906 famosam

166 925 326 988 civitatem
351 923 574 1006 Parisiensem,
607 924 707 987 muris
731 924 873 1006 ,effractis
907 933 938 988 et
969 925 1110 990 bumbus
1144 925 1288 1008 deiectis;

164 1005 282 1072 multos
311 1007 511 1092 potenciores
539 1007 696 1072 occisione
705 1006 735 1050 '³⁸'
749 1007 937 1073 demultavit
944 1057 953 1091 ,
984 1009 1090 1095 ipsam
1120 1009 1155 1072 in
1179 1007 1289 1073 villam

163 1090 313 1175 redigens
336 1091 417 1154 sicut
439 1089 513 1155 olim
535 1089 699 1177 filerat²<⁸

248 1191 368 1256 Postea
394 1194 478 1257 circa
509 1193 650 1257 mediam
682 1191 962 1278 quadragesimam
991 1193 1178 1258 Wentzelao
1210 1215 1289 1278 rege

164 1273 392 1375 Romarpbnmy
413 1276 475 1341 hoc
504 1327 511 1340 .
543 1288 571 1342 .⁰
592 1278 819 1341 *convenerunt
849 1278 884 1340 in
914 1277 1105 1362 Nurenberg
1136 1275 1288 1341 electores

163 1359 291 1444 imperii
323 1369 355 1423 et
375 1361 519 1423 maxima
549 1383 626 1447 pars
648 1361 751 1446 princi
775 1383 839 1442 um,
868 1361 1035 1444 baronum,
1067 1361 1223 1426 nobilium
1256 1369 1290 1424 et

164 1441 366 1508 dominorum
401 1453 560 1508 terrarum
594 1443 710 1508 Alam
770 1493 779 1528 ,
822 1443 965 1509 fecenmt
999 1445 1138 1509 invicem
1173 1465 1288 1530 pacem

164 1547 365 1591 communem
373 1537 396 1592 ³.

247 1609 287 1674 In
313 1610 425 1676 diebus
453 1609 515 1674 illis
534 1613 687 1675 'civitates
719 1619 866 1696 potentes
900 1613 984 1676 circa
1011 1611 1159 1676 Rhenum
1191 1620 1223 1675 et
1253 1611 1288 1674 in

163 1692 234 1756 aliis
256 1693 364 1758 multis
411 1694 543 1780 artibus,
571 1687 708 1778 Basilea‚
731 1691 1017 1778 columbanum
1040 1697 1158 1779 entire,
1180 1693 1287 1780 Spira,

162 1776 357 1866 Wormacia,
386 1717 441 1842 lta
509 1781 567 1862 cia,
590 1779 724 1844 Colonia
744 1787 776 1844 et
796 1781 831 1843 in
853 1779 988 1844 Sosato‘l
1016 1719 1091 1844 laici
1111 1779 1288 1842 maximam

161 1861 341 1926 inferebant
356 1883 546 1948 ceroperse
615 1885 717 1944 onem,
739 1865 785 1926 ita
799 1872 836 1927 ut
850 1863 1043 1949 quibusdam
1057 1863 1134 1927 locis
1150 1865 1232 1926 sicut
1252 1863 1288 1924 in

163 1945 281 2011 Susato
303 1954 396 2010 extra
417 1947 580 2012 civitatem
602 1945 798 2034 expellerent
819 1946 948 2029 clemm,
970 1949 1004 2010 in
1025 1947 1228 2034 quibusdam,
1250 1953 1288 2008 ut

161 2031 195 2092 in
210 2029 392 2094 Wormatia
406 2039 439 2094 et
452 2031 630 2126 Magmpa,
653 2031 909 2095 communionem
929 2079 936 2095 .
954 2081 960 2096 .
978 2043 1006 2096 ,θ
1027 2041 1059 2120 et
1073 2031 1287 2117 opidanorum

161 2133 200 2176 ac
222 2113 373 2198 opificum
394 2115 538 2198 emendo,
567 2113 745 2196 vendendo,
773 2113 923 2200 pistando
944 2115 1133 2197 inhiberent,
1163 2116 1197 2177 in
1219 2114 1287 2199 qui-

156 2195 298 2262 busdam
326 2219 413 2279 vero,
446 2207 482 2260 ut
509 2200 543 2262 in
563 2197 702 2279 Basilea‚
731 2195 910 2282 Argentina
939 2208 971 2262 et
999 2197 1214 2278 Columbaria,
1243 2195 1287 2261 ad

161 2283 269 2345 omnia
289 2280 444 2346 laicorum
466 2303 563 2346 onera
583 2281 804 2378 supportanda
820 2281 1058 2366 compellerent3
1082 2290 1114 2346 et
1137 2283 1183 2344 sic
1196 2282 1286 2378 ipsos

159 2366 264 2448 magis
294 2386 392 2456 quam
412 2364 529 2430 Iudeos
556 2373 717 2451 persecutr
747 2373 830 2447 sunt,
858 2387 924 2428 non
953 2374 1100 2430 curantes
1122 2376 1294 2450 principes

159 2456 191 2512 te
284 2471 326 2531 m,
355 2471 388 2512 se
432 2471 493 2534 pro
517 2472 582 2513 rras
605 2457 706 2512 secutr
722 2470 788 2526 „sun
824 2471 935 2512 eorum
955 2448 1146 2530 voluntates,
1170 2449 1287 2532 spretis

159 2531 282 2596 iuribus
311 2542 379 2596 tam
408 2472 566 2680 leporibus
597 2555 695 2619 quam
728 2531 981 2614 canonicalibus,
1015 2542 1047 2597 et
1078 2553 1138 2618 pro
1169 2529 1288 2595 nichilo
1330 2485 1343 2654 l

159 2615 354 2702 reputabant
374 2617 439 2736 inci
462 2639 514 2682 ere
524 2611 584 2720 [ib]
594 2637 695 2703 penas
711 2638 869 2681 canonum
891 2625 923 2681 et
944 2616 1052 2702 legum
1074 2625 1185 2682 contra
1206 2613 1287 2678 tales

160 2699 444 2849 prOIIllllriailaibbus
470 2783 531 2848 illis
559 2785 645 2849 cives
673 2784 934 2870 Maguntinenees
964 2793 996 2848 et
1028 2783 1397 2853 Wormacieness*s.12⁶‘.

160 2867 304 2932 fecerunt
326 2875 481 2932 statutum
503 2867 749 2952 abhominabile,
778 2868 927 2933 videlicet
948 2867 1035 2953 quod
1055 2867 1160 2932 nullus
1183 2867 1285 2931 conci·

160 2953 250 3016 vium
278 2939 669 3018 summellae-ofin
679 2945 818 3017 *clericis
840 2951 990 3016 dantibus
1013 2953 1178 3038 antiquam
1199 2972 1285 3015 men-

254 3133 282 3198 *)
307 3133 343 3183 Ia
367 3133 487 3200 mospius
514 3149 611 3184 manus
637 3131 663 3183 A
690 3133 809 3200 scripsit:
835 3139 866 3184 ut
890 3135 945 3185 iem
968 3135 1096 3199 temporis
1127 3149 1174 3200 pre
1199 3133 1284 3184 mani-

279 3195 355 3257 ‘suus
374 3212 422 3257 est.

161 3366 185 3420 a)
215 3368 295 3410 affllea
316 3381 334 3412 e.
401 3367 425 3420 b)
449 3369 507 3418 mult
529 3371 676 3418 potenciores
699 3371 792 3418 occisa.
813 3381 844 3418 a,
876 3369 907 3411 W.
933 3379 971 3410 em.
995 3371 1074 3412 multis
1097 3371 1181 3412 eccleis
1204 3373 1284 3420 poten·

161 3429 243 3468 atores.
269 3421 278 3432 ⁸
312 3426 334 3480 c)
357 3432 496 3478 procurante
518 3429 591 3478 suppl.
612 3428 642 3470 W.
720 3428 743 3480 d)
768 3429 854 3470 Sossco
877 3434 896 3468 et
918 3429 950 3468 sie
970 3429 1034 3468 dmm
1055 3431 1080 3468 tn
1102 3429 1199 3478 sequenti
1220 3425 1285 3468 vasu

161 3486 251 3528 Sussco
273 3498 291 3529 e.
367 3485 390 3537 s)
415 3487 601 3528 communionem
624 3489 741 3547 communi
764 3490 794 3526 an
811 3481 847 3539 ht}
862 3499 894 3537 c.,·
921 3488 946 3527 ia
969 3488 1049 3529 curos.
1076 3486 1218 3536 Vernaus.
1240 3487 1284 3534 40¹,

160 3546 198 3586 uti
224 3547 257 3586 hie
284 3547 344 3585 tom
370 3551 481 3595 emptae
509 3551 551 3594 eet,
580 3545 658 3595 uscos
687 3547 873 3586 communionem
901 3550 924 3586 et
946 3547 1099 3596 opidanorum
1124 3551 1148 3586 et
1174 3545 1284 3596 opificum

161 3605 259 3648 emendo
275 3609 312 3645 ete.

162 3773 190 3840 1)
211 3773 251 3839 Of.
266 3791 297 3839 p.
312 3774 355 3835 to,
375 3790 402 3824 a.
417 3775 443 3824 3.
525 3771 555 3835 2)
574 3772 693 3824 Koroltts
709 3772 755 3823 VI.
772 3781 834 3840 post
852 3771 990 3825 introitum
1007 3772 1036 3824 ia
1055 3773 1186 3826 civitatem
1207 3772 1283 3824 Past-

160 3847 272 3900 sieasem
298 3863 394 3914 praees
420 3861 522 3912 poenas
551 3845 651 3898 avitos
679 3843 790 3913 inflixit,
825 3852 880 3898 tum
903 3865 956 3913 per
984 3846 1117 3913 strppticia
1144 3853 1286 3898 auctorum

160 3929 215 3971 tum
241 3936 294 3986 per
326 3919 493 3970 abolitionem
524 3918 666 3970 liberorum
698 3920 812 3972 ciuitatis
843 3919 1031 3972 institutorum.
1083 3919 1122 3984 Cf.
1153 3919 1284 3984 Fecistis,

160 3993 241 4044 ‘Hist
267 3992 300 4044 ds
325 3993 354 4043 la
378 3993 440 4044 cille
464 3993 497 4044 de
523 3990 610 4044 Poris'
633 4010 663 4058 p.
684 3993 747 4044 636.
773 3999 798 4044 et
822 3991 955 4047 ‘Prcuces'
976 3993 1004 4058 I,
1025 4010 1056 4058 p.
1077 3995 1145 4044 519:
1168 3991 1282 4044 ‘Ordess-

159 4081 257 4118 rsomces
283 4066 322 4118 du
346 4083 396 4134 roy
421 4063 528 4118 Uliarios
548 4065 596 4118 VI.
621 4073 709 4118 contre
735 4067 763 4118 ta
786 4065 848 4118 oble
872 4067 906 4120 ds
924 4067 1004 4118 Paris
1026 4064 1106 4130 1383,
1130 4066 1208 4118 Iena.
1229 4063 1283 4117 2'2’.

161 4139 191 4204 3)
211 4139 360 4192 Conventus
378 4146 496 4190 statuum
513 4137 619 4205 imperii
638 4137 828 4206 Noiimberyae
847 4156 873 4192 a.
895 4141 976 4203 1383,
994 4157 1030 4194 m.
1048 4139 1126 4190 Febr.
1147 4146 1171 4191 et
1190 4139 1282 4201 Mart„

160 4211 207 4264 ubi
231 4229 289 4278 pax
314 4213 448 4279 poneretis
476 4212 618 4264 constituto
646 4221 683 4264 set
711 4213 755 4264 elie
784 4214 827 4264 11.
856 4231 890 4266 m.
916 4213 997 4264 Mart.
1043 4211 1088 4264 ι1).
1115 4211 1283 4280 Reielrstays·

160 4287 242 4337 aetea'
261 4285 286 4350 Ι,
303 4301 330 4350 p.
345 4287 409 4336 363.

1011 4387 1050 4436 4*
